"id","Region","Country","Item Type","Sales Channel","Order Priority","Order Date","Order ID","Ship Date","Units Sold","Unit Price","Unit Cost","Total Revenue","Total Cost","Total Profit"
"1","Sub-Saharan Africa","Namibia","Household","Offline","M","8/31/2015","897751939","10/12/2015","3604","668.27","502.54","2408445.08","1811154.16","597290.92"
"2","Europe","Iceland","Baby Food","Online","H","11/20/2010","599480426","1/9/2011","8435","255.28","159.42","2153286.8","1344707.7","808579.1"
"3","Europe","Russia","Meat","Online","L","6/22/2017","538911855","6/25/2017","4848","421.89","364.69","2045322.72","1768017.12","277305.6"
"4","Europe","Moldova ","Meat","Online","L","2/28/2012","459845054","3/20/2012","7225","421.89","364.69","3048155.25","2634885.25","413270.0"
"5","Europe","Malta","Cereal","Online","M","8/12/2010","626391351","9/13/2010","1975","205.7","117.11","406257.5","231292.25","174965.25"
"7","Sub-Saharan Africa","Djibouti","Household","Online","M","2/3/2011","854331052","3/3/2011","4398","668.27","502.54","2939051.46","2210170.92","728880.54"
"8","Europe","Greece","Household","Online","L","9/11/2015","895509612","9/26/2015","49","668.27","502.54","32745.23","24624.46","8120.77"
"9","Sub-Saharan Africa","Cameroon","Cosmetics","Offline","M","1/31/2014","241871583","2/4/2014","4031","437.2","263.33","1762353.2","1061483.23","700869.97"
"10","Sub-Saharan Africa","Nigeria","Cosmetics","Online","C","11/21/2015","409090793","12/7/2015","7911","437.2","263.33","3458689.2","2083203.63","1375485.57"
"11","Sub-Saharan Africa","Senegal","Fruits","Offline","M","8/29/2016","733153569","10/5/2016","5288","9.33","6.92","49337.04","36592.96","12744.08"
"12","Middle East and North Africa","Afghanistan","Cosmetics","Offline","L","10/21/2016","620358741","12/1/2016","6792","437.2","263.33","2969462.4","1788537.36","1180925.04"
"14","Middle East and North Africa","Lebanon","Vegetables","Online","L","10/15/2010","660954082","11/19/2010","9855","154.06","90.93","1518261.3","896115.15","622146.15"
"15","Middle East and North Africa","Turkey","Office Supplies","Online","L","10/4/2010","428504407","11/13/2010","2831","651.21","524.96","1843575.51","1486161.76","357413.75"
"16","Middle East and North Africa","Iraq","Cosmetics","Offline","M","10/14/2014","787517440","10/19/2014","2766","437.2","263.33","1209295.2","728370.78","480924.42"
"17","Sub-Saharan Africa","Rwanda","Personal Care","Offline","M","6/15/2013","145854508","7/8/2013","445","81.73","56.67","36369.85","25218.15","11151.7"
"18","Europe","Ukraine","Baby Food","Offline","M","5/7/2017","581689441","5/29/2017","3687","255.28","159.42","941217.36","587781.54","353435.82"
"19","Europe","Finland","Office Supplies","Online","H","5/21/2015","193508565","7/3/2015","2339","651.21","524.96","1523180.19","1227881.44","295298.75"
"20","Sub-Saharan Africa","South Sudan","Beverages","Offline","H","6/28/2016","750110709","7/14/2016","3283","47.45","31.79","155778.35","104366.57","51411.78"
"21","Central America and the Caribbean","Antigua and Barbuda ","Fruits","Offline","M","7/6/2015","940607202","8/12/2015","5428","9.33","6.92","50643.24","37561.76","13081.48"
"22","Middle East and North Africa","Kuwait","Personal Care","Online","C","2/18/2012","424421870","3/23/2012","4718","81.73","56.67","385602.14","267369.06","118233.08"
"23","Europe","United Kingdom","Office Supplies","Offline","C","9/9/2014","281291043","9/14/2014","9125","651.21","524.96","5942291.25","4790260.0","1152031.25"
"24","Central America and the Caribbean","Saint Kitts and Nevis ","Personal Care","Online","C","8/24/2013","761263549","9/25/2013","3656","81.73","56.67","298804.88","207185.52","91619.36"
"25","Central America and the Caribbean","Antigua and Barbuda ","Personal Care","Offline","M","9/4/2015","834700715","9/16/2015","5345","81.73","56.67","436846.85","302901.15","133945.7"
"26","Central America and the Caribbean","Saint Lucia","Cosmetics","Offline","L","2/26/2017","442276370","3/28/2017","8261","437.2","263.33","3611709.2","2175369.13","1436340.07"
"27","Middle East and North Africa","Kuwait","Personal Care","Offline","H","7/15/2015","944976842","8/18/2015","8502","81.73","56.67","694868.46","481808.34","213060.12"
"28","Sub-Saharan Africa","South Sudan","Office Supplies","Online","L","2/9/2013","174100959","2/18/2013","9197","651.21","524.96","5989178.37","4828057.12","1161121.25"
"29","Middle East and North Africa","Tunisia ","Snacks","Online","M","3/27/2013","981260049","4/4/2013","5509","152.58","97.44","840563.22","536796.96","303766.26"
"30","Middle East and North Africa","Yemen","Cereal","Online","H","7/23/2016","888377940","8/8/2016","9629","205.7","117.11","1980685.3","1127652.19","853033.11"
"31","Sub-Saharan Africa","Guinea","Vegetables","Offline","L","3/18/2017","637690961","4/24/2017","5781","154.06","90.93","890620.86","525666.33","364954.53"
"32","Australia and Oceania","Tuvalu","Household","Online","M","3/3/2014","141747939","3/10/2014","5220","668.27","502.54","3488369.4","2623258.8","865110.6"
"34","Europe","San Marino","Meat","Offline","L","3/17/2017","215851581","3/19/2017","4134","421.89","364.69","1744093.26","1507628.46","236464.8"
"35","Central America and the Caribbean","Trinidad and Tobago","Household","Online","L","6/8/2011","512558400","6/29/2011","6276","668.27","502.54","4194062.52","3153941.04","1040121.48"
"36","Europe","Kosovo","Meat","Offline","H","2/14/2016","917329490","3/18/2016","7036","421.89","364.69","2968418.04","2565958.84","402459.2"
"37","Europe","Hungary","Personal Care","Online","C","11/11/2012","344276177","12/24/2012","7826","81.73","56.67","639618.98","443499.42","196119.56"
"38","Sub-Saharan Africa","Botswana","Personal Care","Offline","M","10/26/2010","477822291","12/10/2010","7089","81.73","56.67","579383.97","401733.63","177650.34"
"39","Middle East and North Africa","Turkey","Beverages","Online","H","8/21/2012","822704160","10/7/2012","5298","47.45","31.79","251390.1","168423.42","82966.68"
"40","Europe","Serbia","Cosmetics","Online","C","9/5/2010","953970611","10/19/2010","9958","437.2","263.33","4353637.6","2622240.14","1731397.46"
"41","Central America and the Caribbean","Guatemala","Personal Care","Online","M","7/5/2013","966982972","8/21/2013","605","81.73","56.67","49446.65","34285.35","15161.3"
"42","Middle East and North Africa","United Arab Emirates","Household","Offline","H","10/29/2011","127415072","10/30/2011","3806","668.27","502.54","2543435.62","1912667.24","630768.38"
"43","Australia and Oceania","Samoa ","Vegetables","Offline","C","7/18/2012","921253240","8/6/2012","8161","154.06","90.93","1257283.66","742079.73","515203.93"
"44","Sub-Saharan Africa","Botswana","Beverages","Offline","L","4/12/2012","504796302","5/31/2012","9298","47.45","31.79","441190.1","295583.42","145606.68"
"45","Middle East and North Africa","Bahrain","Office Supplies","Offline","H","4/14/2016","154655587","4/16/2016","4880","651.21","524.96","3177904.8","2561804.8","616100.0"
"46","Central America and the Caribbean","Saint Vincent and the Grenadines","Snacks","Online","C","12/13/2011","317754924","1/13/2012","9598","152.58","97.44","1464462.84","935229.12","529233.72"
"47","Middle East and North Africa","Pakistan","Baby Food","Offline","M","6/10/2010","161330640","7/28/2010","176","255.28","159.42","44929.28","28057.92","16871.36"
"48","Europe","Hungary","Beverages","Online","C","8/21/2012","722931563","8/25/2012","370","47.45","31.79","17556.5","11762.3","5794.2"
"49","Europe","Poland","Cereal","Online","L","11/28/2012","860419023","12/15/2012","5964","205.7","117.11","1226794.8","698444.04","528350.76"
"50","Middle East and North Africa","Tunisia ","Office Supplies","Online","C","6/23/2010","401966845","8/2/2010","9777","651.21","524.96","6366880.17","5132533.92","1234346.25"
"51","Europe","Lithuania","Fruits","Offline","M","3/11/2013","596061360","4/19/2013","6657","9.33","6.92","62109.81","46066.44","16043.37"
"52","Australia and Oceania","Samoa ","Vegetables","Offline","H","1/18/2011","961501395","2/7/2011","8484","154.06","90.93","1307045.04","771450.12","535594.92"
"53","Sub-Saharan Africa","Sudan","Beverages","Offline","M","4/1/2010","637398278","4/1/2010","9170","47.45","31.79","435116.5","291514.3","143602.2"
"54","Europe","Portugal","Personal Care","Offline","H","4/8/2014","633175837","5/16/2014","9656","81.73","56.67","789184.88","547205.52","241979.36"
"55","Australia and Oceania","Fiji","Vegetables","Online","C","7/5/2012","678570401","7/7/2012","2916","154.06","90.93","449238.96","265151.88","184087.08"
"56","Sub-Saharan Africa","Tanzania","Meat","Online","M","5/15/2014","573630797","5/16/2014","8955","421.89","364.69","3778024.95","3265798.95","512226.0"
"57","Sub-Saharan Africa","Sao Tome and Principe","Cosmetics","Online","H","2/28/2015","638718354","3/8/2015","9810","437.2","263.33","4288932.0","2583267.3","1705664.7"
"58","Sub-Saharan Africa","Cape Verde","Meat","Online","L","1/18/2015","364506900","2/18/2015","4547","421.89","364.69","1918333.83","1658245.43","260088.4"
"59","Middle East and North Africa","Lebanon","Vegetables","Offline","C","4/7/2015","661982762","5/21/2015","4265","154.06","90.93","657065.9","387816.45","269249.45"
"60","North America","Greenland","Personal Care","Online","H","4/27/2014","712444770","5/5/2014","7094","81.73","56.67","579792.62","402016.98","177775.64"
"61","Sub-Saharan Africa","Guinea-Bissau","Baby Food","Online","H","10/16/2011","217504251","12/4/2011","3196","255.28","159.42","815874.88","509506.32","306368.56"
"62","Europe","Georgia","Meat","Online","H","2/6/2012","749085032","3/5/2012","9762","421.89","364.69","4118490.18","3560103.78","558386.4"
"63","Central America and the Caribbean","Jamaica","Meat","Online","L","3/2/2013","799423444","3/25/2013","6017","421.89","364.69","2538512.13","2194339.73","344172.4"
"64","Europe","Bulgaria","Snacks","Online","H","3/11/2010","731068313","4/28/2010","8215","152.58","97.44","1253444.7","800469.6","452975.1"
"66","Sub-Saharan Africa","Rwanda","Clothes","Online","H","4/16/2012","240035235","5/23/2012","615","109.28","35.84","67207.2","22041.6","45165.6"
"67","Central America and the Caribbean","Grenada","Cosmetics","Offline","C","1/31/2013","444017446","3/18/2013","3484","437.2","263.33","1523204.8","917441.72","605763.08"
"68","Central America and the Caribbean","Honduras","Office Supplies","Online","H","6/1/2016","882626426","6/28/2016","7628","651.21","524.96","4967429.88","4004394.88","963035.0"
"70","Central America and the Caribbean","Belize","Meat","Offline","M","11/28/2014","890482509","12/12/2014","2418","421.89","364.69","1020130.02","881820.42","138309.6"
"71","North America","United States of America","Meat","Offline","H","4/22/2014","748889768","5/14/2014","1979","421.89","364.69","834920.31","721721.51","113198.8"
"72","Sub-Saharan Africa","South Africa","Meat","Offline","C","2/21/2017","520244109","2/25/2017","648","421.89","364.69","273384.72","236319.12","37065.6"
"73","Europe","Austria","Vegetables","Online","C","1/19/2013","749906861","3/6/2013","2960","154.06","90.93","456017.6","269152.8","186864.8"
"74","Australia and Oceania","Marshall Islands","Snacks","Offline","C","9/2/2011","253551852","9/20/2011","482","152.58","97.44","73543.56","46966.08","26577.48"
"75","Sub-Saharan Africa","Sierra Leone","Household","Offline","C","2/13/2016","167165410","2/21/2016","6814","668.27","502.54","4553591.78","3424307.56","1129284.22"
"76","Europe","Romania","Meat","Offline","L","8/28/2011","797046363","10/6/2011","2586","421.89","364.69","1091007.54","943088.34","147919.2"
"78","Europe","Hungary","Cosmetics","Offline","C","1/5/2017","382368266","1/13/2017","122","437.2","263.33","53338.4","32126.26","21212.14"
"79","Australia and Oceania","New Zealand","Beverages","Offline","M","3/30/2010","751969373","4/11/2010","3303","47.45","31.79","156727.35","105002.37","51724.98"
"80","Sub-Saharan Africa","Mozambique","Office Supplies","Offline","C","5/25/2014","166158187","6/30/2014","8755","651.21","524.96","5701343.55","4596024.8","1105318.75"
"81","Sub-Saharan Africa","Namibia","Beverages","Offline","M","6/25/2012","632796037","7/14/2012","7264","47.45","31.79","344676.8","230922.56","113754.24"
"82","Middle East and North Africa","Tunisia ","Personal Care","Offline","M","1/30/2015","630056750","3/12/2015","6649","81.73","56.67","543422.77","376798.83","166623.94"
"83","Middle East and North Africa","Somalia","Office Supplies","Online","L","2/11/2011","956426656","3/26/2011","6756","651.21","524.96","4399574.76","3546629.76","852945.0"
"84","Europe","Denmark","Personal Care","Online","L","1/30/2017","680704581","2/3/2017","4467","81.73","56.67","365087.91","253144.89","111943.02"
"85","Australia and Oceania","Solomon Islands","Beverages","Offline","L","9/3/2012","292001855","9/24/2012","8693","47.45","31.79","412482.85","276350.47","136132.38"
"86","Australia and Oceania","Vanuatu","Vegetables","Online","H","9/26/2012","349742305","10/19/2012","5375","154.06","90.93","828072.5","488748.75","339323.75"
"88","Europe","Luxembourg","Fruits","Online","C","6/4/2011","793810546","6/7/2011","5036","9.33","6.92","46985.88","34849.12","12136.76"
"89","Australia and Oceania","Australia","Cereal","Online","M","10/6/2014","400548493","10/17/2014","55","205.7","117.11","11313.5","6441.05","4872.45"
"91","Australia and Oceania","Papua New Guinea","Vegetables","Offline","C","2/10/2015","336801183","2/21/2015","5809","154.06","90.93","894934.54","528212.37","366722.17"
"92","Europe","Romania","Personal Care","Online","M","11/12/2011","758601081","12/21/2011","5772","81.73","56.67","471745.56","327099.24","144646.32"
"94","Sub-Saharan Africa","Chad","Clothes","Online","H","7/18/2011","117604625","8/8/2011","677","109.28","35.84","73982.56","24263.68","49718.88"
"95","Middle East and North Africa","Somalia","Cereal","Online","C","10/25/2016","918968427","11/10/2016","2034","205.7","117.11","418393.8","238201.74","180192.06"
"96","Sub-Saharan Africa","Togo","Clothes","Offline","L","2/11/2010","828201186","3/2/2010","1990","109.28","35.84","217467.2","71321.6","146145.6"
"97","Sub-Saharan Africa","Mali","Household","Online","L","3/17/2014","278164231","4/21/2014","3832","668.27","502.54","2560810.64","1925733.28","635077.36"
"98","Europe","San Marino","Snacks","Online","M","4/11/2011","672031390","4/13/2011","7877","152.58","97.44","1201872.66","767534.88","434337.78"
"99","Europe","Croatia","Baby Food","Online","L","11/8/2014","333288991","12/6/2014","6474","255.28","159.42","1652682.72","1032085.08","620597.64"
"101","Central America and the Caribbean","Barbados","Meat","Offline","M","2/23/2010","553483331","3/29/2010","6872","421.89","364.69","2899228.08","2506149.68","393078.4"
"102","Sub-Saharan Africa","Equatorial Guinea","Cosmetics","Offline","H","4/30/2015","810955226","5/15/2015","8527","437.2","263.33","3728004.4","2245414.91","1482589.49"
"103","Central America and the Caribbean","Guatemala","Vegetables","Online","M","2/3/2016","632887876","2/7/2016","4441","154.06","90.93","684180.46","403820.13","280360.33"
"104","Europe","United Kingdom","Household","Offline","L","5/12/2012","494330108","6/29/2012","2119","668.27","502.54","1416064.13","1064882.26","351181.87"
"105","Sub-Saharan Africa","Equatorial Guinea","Vegetables","Online","L","9/18/2012","490643250","9/20/2012","1096","154.06","90.93","168849.76","99659.28","69190.48"
"106","Sub-Saharan Africa","Tanzania","Snacks","Offline","L","6/2/2015","787501132","6/20/2015","7940","152.58","97.44","1211485.2","773673.6","437811.6"
"107","Europe","Ukraine","Fruits","Offline","H","3/28/2012","270890080","4/1/2012","1249","9.33","6.92","11653.17","8643.08","3010.09"
"108","North America","Canada","Snacks","Offline","M","12/9/2014","597108924","12/19/2014","6655","152.58","97.44","1015419.9","648463.2","366956.7"
"109","Sub-Saharan Africa","Eritrea","Office Supplies","Offline","M","8/17/2013","342768990","10/4/2013","1816","651.21","524.96","1182597.36","953327.36","229270.0"
"110","Europe","Georgia","Fruits","Offline","L","11/2/2010","854794108","11/20/2010","1427","9.33","6.92","13313.91","9874.84","3439.07"
"111","Europe","Poland","Cereal","Online","C","3/1/2010","400420606","4/4/2010","2210","205.7","117.11","454597.0","258813.1","195783.9"
"112","North America","Mexico","Clothes","Online","C","6/27/2012","917197310","8/15/2012","7921","109.28","35.84","865606.88","283888.64","581718.24"
"113","Australia and Oceania","Papua New Guinea","Baby Food","Online","M","3/5/2012","362985551","4/1/2012","4346","255.28","159.42","1109446.88","692839.32","416607.56"
"114","Europe","Ukraine","Meat","Offline","M","1/8/2016","365959155","1/31/2016","4301","421.89","364.69","1814548.89","1568531.69","246017.2"
"115","Sub-Saharan Africa","Niger","Beverages","Offline","L","9/24/2016","374604451","9/26/2016","2636","47.45","31.79","125078.2","83798.44","41279.76"
"116","Australia and Oceania","New Zealand","Household","Offline","H","11/16/2011","807720267","12/8/2011","1231","668.27","502.54","822640.37","618626.74","204013.63"
"117","Sub-Saharan Africa","Nigeria","Cosmetics","Online","M","3/22/2015","804417932","5/10/2015","3997","437.2","263.33","1747488.4","1052530.01","694958.39"
"118","Sub-Saharan Africa","Madagascar","Beverages","Offline","C","2/9/2015","474121272","3/22/2015","1875","47.45","31.79","88968.75","59606.25","29362.5"
"120","Middle East and North Africa","Kuwait","Clothes","Online","C","5/20/2012","521802794","6/26/2012","1897","109.28","35.84","207304.16","67988.48","139315.68"
"121","Sub-Saharan Africa","Gabon","Fruits","Offline","L","6/26/2014","120191133","7/17/2014","6082","9.33","6.92","56745.06","42087.44","14657.62"
"122","Central America and the Caribbean","El Salvador","Personal Care","Online","C","12/21/2014","532405459","1/20/2015","9462","81.73","56.67","773329.26","536211.54","237117.72"
"123","Europe","Sweden","Personal Care","Offline","M","1/28/2015","869432103","3/5/2015","3135","81.73","56.67","256223.55","177660.45","78563.1"
"124","Sub-Saharan Africa","Angola","Vegetables","Online","L","4/24/2013","312569892","4/25/2013","5232","154.06","90.93","806041.92","475745.76","330296.16"
"126","Europe","Cyprus","Clothes","Online","C","11/22/2014","793936717","1/8/2015","2372","109.28","35.84","259212.16","85012.48","174199.68"
"127","Central America and the Caribbean","Honduras","Snacks","Offline","M","1/4/2013","996325910","1/20/2013","3832","152.58","97.44","584686.56","373390.08","211296.48"
"128","Sub-Saharan Africa","Ethiopia","Meat","Online","C","12/11/2013","433146560","1/4/2014","6547","421.89","364.69","2762113.83","2387625.43","374488.4"
"129","Europe","Denmark","Beverages","Online","M","12/16/2013","887259995","2/1/2014","8804","47.45","31.79","417749.8","279879.16","137870.64"
"130","Europe","Iceland","Household","Online","M","3/2/2014","611840045","3/2/2014","5921","668.27","502.54","3956826.67","2975539.34","981287.33"
"131","Sub-Saharan Africa","Liberia","Cereal","Online","L","9/28/2016","180373036","10/14/2016","5245","205.7","117.11","1078896.5","614241.95","464654.55"
"132","Sub-Saharan Africa","South Africa","Meat","Online","H","7/29/2013","236657798","8/9/2013","1156","421.89","364.69","487704.84","421581.64","66123.2"
"133","Sub-Saharan Africa","Mali","Beverages","Online","L","10/2/2012","144805657","10/17/2012","67","47.45","31.79","3179.15","2129.93","1049.22"
"134","Middle East and North Africa","Egypt","Personal Care","Online","C","1/30/2012","239240443","3/20/2012","5418","81.73","56.67","442813.14","307038.06","135775.08"
"135","Europe","Moldova ","Meat","Offline","C","6/3/2010","474698483","7/18/2010","2685","421.89","364.69","1132774.65","979192.65","153582.0"
"136","Europe","Montenegro","Personal Care","Offline","H","6/28/2011","876228606","7/20/2011","4371","81.73","56.67","357241.83","247704.57","109537.26"
"137","Australia and Oceania","Nauru","Household","Online","L","6/30/2012","189192140","7/16/2012","5013","668.27","502.54","3350037.51","2519233.02","830804.49"
"139","Australia and Oceania","Kiribati","Cosmetics","Offline","L","1/19/2016","332427251","1/26/2016","1466","437.2","263.33","640935.2","386041.78","254893.42"
"140","Sub-Saharan Africa","Senegal","Baby Food","Online","C","7/21/2014","804983985","8/3/2014","1505","255.28","159.42","384196.4","239927.1","144269.3"
"141","Middle East and North Africa","Iran","Office Supplies","Offline","M","6/23/2012","373544442","6/28/2012","8956","651.21","524.96","5832236.76","4701541.76","1130695.0"
"142","Central America and the Caribbean","Grenada","Cosmetics","Online","M","2/20/2016","835032451","2/29/2016","3513","437.2","263.33","1535883.6","925078.29","610805.31"
"143","Sub-Saharan Africa","Democratic Republic of the Congo","Meat","Online","M","3/16/2010","906684339","3/29/2010","6899","421.89","364.69","2910619.11","2515996.31","394622.8"
"144","Europe","Vatican City","Snacks","Offline","L","6/26/2014","276048934","8/9/2014","7869","152.58","97.44","1200652.02","766755.36","433896.66"
"145","Sub-Saharan Africa","South Sudan","Vegetables","Online","C","12/26/2011","950987565","2/7/2012","7208","154.06","90.93","1110464.48","655423.44","455041.04"
"147","Middle East and North Africa","Jordan","Household","Offline","L","11/22/2014","650594747","12/12/2014","4298","668.27","502.54","2872224.46","2159916.92","712307.54"
"148","Sub-Saharan Africa","Sao Tome and Principe","Meat","Offline","M","7/28/2010","442548453","8/18/2010","8777","421.89","364.69","3702928.53","3200884.13","502044.4"
"149","Europe","Romania","Clothes","Offline","H","4/25/2010","374646508","5/29/2010","5082","109.28","35.84","555360.96","182138.88","373222.08"
"150","Sub-Saharan Africa","Seychelles ","Fruits","Online","M","10/24/2013","106312739","12/4/2013","9157","9.33","6.92","85434.81","63366.44","22068.37"
"151","Sub-Saharan Africa","Gabon","Clothes","Offline","H","4/4/2014","717283475","5/10/2014","8975","109.28","35.84","980788.0","321664.0","659124.0"
"152","Middle East and North Africa","Tunisia ","Cereal","Offline","C","4/1/2017","657607543","4/3/2017","9540","205.7","117.11","1962378.0","1117229.4","845148.6"
"153","Europe","France","Household","Offline","M","4/28/2014","697646272","6/5/2014","7890","668.27","502.54","5272650.3","3965040.6","1307609.7"
"154","Europe","Montenegro","Fruits","Online","M","1/1/2017","778073489","1/28/2017","8091","9.33","6.92","75489.03","55989.72","19499.31"
"155","Sub-Saharan Africa","Mali","Cosmetics","Offline","C","2/28/2015","459875524","3/17/2015","6242","437.2","263.33","2729002.4","1643705.86","1085296.54"
"157","Australia and Oceania","Fiji","Meat","Offline","M","9/25/2015","373111855","10/7/2015","944","421.89","364.69","398264.16","344267.36","53996.8"
"158","Middle East and North Africa","Lebanon","Personal Care","Offline","M","7/29/2014","978081309","8/2/2014","4849","81.73","56.67","396308.77","274792.83","121515.94"
"159","Sub-Saharan Africa","Guinea","Baby Food","Offline","H","11/23/2016","131495893","12/17/2016","1412","255.28","159.42","360455.36","225101.04","135354.32"
"160","Sub-Saharan Africa","Sierra Leone","Baby Food","Online","H","2/8/2014","445904433","2/17/2014","1886","255.28","159.42","481458.08","300666.12","180791.96"
"161","Central America and the Caribbean","Honduras","Office Supplies","Offline","M","10/30/2013","554168260","11/14/2013","9558","651.21","524.96","6224265.18","5017567.68","1206697.5"
"162","North America","Greenland","Vegetables","Offline","M","5/22/2013","959461200","6/22/2013","4745","154.06","90.93","731014.7","431462.85","299551.85"
"164","Sub-Saharan Africa","Togo","Clothes","Offline","C","6/9/2010","525392234","6/10/2010","4092","109.28","35.84","447173.76","146657.28","300516.48"
"165","Sub-Saharan Africa","Mauritius ","Personal Care","Online","H","6/24/2015","593940484","6/28/2015","9043","81.73","56.67","739084.39","512466.81","226617.58"
"166","Sub-Saharan Africa","Sierra Leone","Snacks","Offline","M","9/26/2012","975338160","10/10/2012","3091","152.58","97.44","471624.78","301187.04","170437.74"
"168","Central America and the Caribbean","Jamaica","Vegetables","Offline","L","7/9/2014","765939605","8/7/2014","7405","154.06","90.93","1140814.3","673336.65","467477.65"
"169","Australia and Oceania","Kiribati","Vegetables","Online","C","5/24/2012","745553529","6/30/2012","4712","154.06","90.93","725930.72","428462.16","297468.56"
"170","Central America and the Caribbean","Dominican Republic","Vegetables","Offline","L","11/29/2011","378837192","12/11/2011","5198","154.06","90.93","800803.88","472654.14","328149.74"
"172","Europe","Netherlands","Beverages","Offline","M","7/2/2010","520671546","8/21/2010","7136","47.45","31.79","338603.2","226853.44","111749.76"
"173","Europe","Iceland","Household","Offline","C","6/11/2011","362132394","7/2/2011","1878","668.27","502.54","1255011.06","943770.12","311240.94"
"175","Sub-Saharan Africa","Gabon","Fruits","Offline","L","5/12/2010","470760571","6/30/2010","7369","9.33","6.92","68752.77","50993.48","17759.29"
"176","Sub-Saharan Africa","Guinea-Bissau","Snacks","Online","M","10/23/2012","942713057","11/13/2012","8598","152.58","97.44","1311882.84","837789.12","474093.72"
"177","North America","United States of America","Cereal","Online","L","11/30/2011","596802079","12/14/2011","5852","205.7","117.11","1203756.4","685327.72","518428.68"
"178","Sub-Saharan Africa","Rwanda","Snacks","Offline","M","6/18/2014","161201465","7/22/2014","1950","152.58","97.44","297531.0","190008.0","107523.0"
"179","Europe","Cyprus","Household","Online","H","3/3/2013","884397542","4/17/2013","1741","668.27","502.54","1163458.07","874922.14","288535.93"
"181","Sub-Saharan Africa","Seychelles ","Personal Care","Offline","M","2/4/2013","802687585","3/2/2013","1949","81.73","56.67","159291.77","110449.83","48841.94"
"182","Middle East and North Africa","Jordan","Office Supplies","Online","C","6/3/2016","146316707","6/25/2016","7220","651.21","524.96","4701736.2","3790211.2","911525.0"
"183","Middle East and North Africa","Pakistan","Snacks","Online","M","7/20/2012","945812833","7/30/2012","5890","152.58","97.44","898696.2","573921.6","324774.6"
"184","Central America and the Caribbean","Barbados","Fruits","Offline","C","11/15/2010","301224792","11/15/2010","7965","9.33","6.92","74313.45","55117.8","19195.65"
"185","Sub-Saharan Africa","Comoros","Meat","Online","M","4/13/2014","332913911","4/25/2014","5479","421.89","364.69","2311535.31","1998136.51","313398.8"
"186","Central America and the Caribbean","The Bahamas","Clothes","Online","L","5/15/2015","531554019","5/21/2015","7501","109.28","35.84","819709.28","268835.84","550873.44"
"187","Sub-Saharan Africa","South Sudan","Baby Food","Online","H","5/13/2015","908131444","5/19/2015","5130","255.28","159.42","1309586.4","817824.6","491761.8"
"188","Sub-Saharan Africa","Nigeria","Cosmetics","Offline","M","10/10/2012","643945014","11/2/2012","6494","437.2","263.33","2839176.8","1710065.02","1129111.78"
"189","Europe","Ukraine","Beverages","Offline","M","10/4/2014","340606057","11/4/2014","1756","47.45","31.79","83322.2","55823.24","27498.96"
"190","Europe","France","Cosmetics","Online","C","8/2/2010","670038402","9/16/2010","8108","437.2","263.33","3544817.6","2135079.64","1409737.96"
"191","Sub-Saharan Africa","Burundi","Office Supplies","Online","M","4/29/2013","124478375","6/7/2013","4772","651.21","524.96","3107574.12","2505109.12","602465.0"
"192","Middle East and North Africa","Syria","Vegetables","Offline","H","8/7/2010","866474807","9/4/2010","8005","154.06","90.93","1233250.3","727894.65","505355.65"
"193","Sub-Saharan Africa","Botswana","Fruits","Online","L","10/25/2013","178889024","12/5/2013","6092","9.33","6.92","56838.36","42156.64","14681.72"
"194","Australia and Oceania","Papua New Guinea","Snacks","Offline","H","7/7/2016","814894855","8/20/2016","4351","152.58","97.44","663875.58","423961.44","239914.14"
"196","Middle East and North Africa","Jordan","Clothes","Online","M","3/16/2011","321939170","4/8/2011","7809","109.28","35.84","853367.52","279874.56","573492.96"
"197","Central America and the Caribbean","Dominican Republic","Personal Care","Online","H","9/30/2010","100887811","11/19/2010","3800","81.73","56.67","310574.0","215346.0","95228.0"
"198","Sub-Saharan Africa","Namibia","Beverages","Online","C","4/19/2017","319248378","5/1/2017","1544","47.45","31.79","73262.8","49083.76","24179.04"
"199","Europe","Hungary","Household","Online","H","7/31/2014","931757199","9/14/2014","6516","668.27","502.54","4354447.32","3274550.64","1079896.68"
"201","Sub-Saharan Africa","Burundi","Cosmetics","Offline","L","5/30/2012","359727418","6/13/2012","192","437.2","263.33","83942.4","50559.36","33383.04"
"202","Europe","Estonia","Clothes","Offline","C","3/24/2012","336223971","4/1/2012","5000","109.28","35.84","546400.0","179200.0","367200.0"
"204","Europe","Bosnia and Herzegovina","Household","Offline","L","5/8/2010","644171607","5/25/2010","3548","668.27","502.54","2371021.96","1783011.92","588010.04"
"205","Europe","Finland","Fruits","Online","L","7/12/2010","308532845","8/24/2010","580","9.33","6.92","5411.4","4013.6","1397.8"
"206","Sub-Saharan Africa","Tanzania","Office Supplies","Offline","H","9/26/2015","218946635","11/4/2015","30","651.21","524.96","19536.3","15748.8","3787.5"
"207","North America","United States of America","Vegetables","Offline","C","8/21/2010","892649304","10/2/2010","3621","154.06","90.93","557851.26","329257.53","228593.73"
"208","Europe","Austria","Meat","Offline","C","1/16/2015","217189681","2/15/2015","108","421.89","364.69","45564.12","39386.52","6177.6"
"209","Australia and Oceania","Tonga","Cereal","Online","L","12/17/2011","200429093","1/30/2012","278","205.7","117.11","57184.6","32556.58","24628.02"
"210","Sub-Saharan Africa","Zambia","Fruits","Offline","C","12/21/2011","220541369","1/2/2012","1947","9.33","6.92","18165.51","13473.24","4692.27"
"211","Middle East and North Africa","Morocco","Baby Food","Online","C","7/27/2011","176012837","8/22/2011","4965","255.28","159.42","1267465.2","791520.3","475944.9"
"212","Europe","Monaco","Personal Care","Online","M","2/9/2012","935642325","2/24/2012","6211","81.73","56.67","507625.03","351977.37","155647.66"
"214","Sub-Saharan Africa","Lesotho","Office Supplies","Offline","H","5/13/2015","594133174","6/18/2015","6064","651.21","524.96","3948937.44","3183357.44","765580.0"
"215","Europe","Portugal","Fruits","Online","L","12/18/2010","232154691","1/30/2011","8587","9.33","6.92","80116.71","59422.04","20694.67"
"216","Middle East and North Africa","Afghanistan","Cosmetics","Offline","M","12/23/2015","352654540","1/22/2016","7170","437.2","263.33","3134724.0","1888076.1","1246647.9"
"217","Sub-Saharan Africa","Nigeria","Meat","Online","C","5/11/2014","825994050","6/23/2014","8850","421.89","364.69","3733726.5","3227506.5","506220.0"
"218","Australia and Oceania","Kiribati","Cereal","Offline","C","1/23/2010","692847049","2/10/2010","7693","205.7","117.11","1582450.1","900927.23","681522.87"
"219","Sub-Saharan Africa","Comoros","Cosmetics","Offline","M","9/7/2015","414199864","9/8/2015","9799","437.2","263.33","4284122.8","2580370.67","1703752.13"
"220","Sub-Saharan Africa","Namibia","Vegetables","Offline","C","10/17/2010","521351325","11/18/2010","8298","154.06","90.93","1278389.88","754537.14","523852.74"
"221","Sub-Saharan Africa","Sierra Leone","Household","Online","C","11/25/2013","265912759","12/1/2013","8349","668.27","502.54","5579386.23","4195706.46","1383679.77"
"222","Sub-Saharan Africa","The Gambia","Personal Care","Online","C","7/3/2010","769807994","7/19/2010","2147","81.73","56.67","175474.31","121670.49","53803.82"
"223","Europe","Germany","Cereal","Online","C","6/12/2017","975273358","6/21/2017","3914","205.7","117.11","805109.8","458368.54","346741.26"
"224","Sub-Saharan Africa","Tanzania","Office Supplies","Offline","H","12/31/2010","794857680","1/28/2011","4906","651.21","524.96","3194836.26","2575453.76","619382.5"
"225","Europe","Slovenia","Office Supplies","Offline","M","12/3/2013","661422288","12/27/2013","8408","651.21","524.96","5475373.68","4413863.68","1061510.0"
"226","Sub-Saharan Africa","Benin","Cereal","Offline","L","12/22/2015","178141009","1/29/2016","4738","205.7","117.11","974606.6","554867.18","419739.42"
"227","Sub-Saharan Africa","Mauritius ","Cosmetics","Offline","M","7/18/2015","368500173","8/12/2015","6245","437.2","263.33","2730314.0","1644495.85","1085818.15"
"228","Sub-Saharan Africa","Ethiopia","Personal Care","Online","L","11/17/2015","526298606","12/15/2015","2308","81.73","56.67","188632.84","130794.36","57838.48"
"231","Europe","Slovenia","Household","Online","C","11/2/2016","647005307","11/7/2016","2103","668.27","502.54","1405371.81","1056841.62","348530.19"
"232","Sub-Saharan Africa","Lesotho","Cosmetics","Online","C","2/24/2017","868799102","4/3/2017","5816","437.2","263.33","2542755.2","1531527.28","1011227.92"
"233","Middle East and North Africa","Jordan","Office Supplies","Offline","L","7/19/2012","831713807","9/6/2012","1453","651.21","524.96","946208.13","762766.88","183441.25"
"234","Europe","France","Beverages","Offline","C","6/13/2016","701423251","7/19/2016","5582","47.45","31.79","264865.9","177451.78","87414.12"
"235","Sub-Saharan Africa","Lesotho","Clothes","Online","H","1/17/2013","263913762","1/25/2013","6802","109.28","35.84","743322.56","243783.68","499538.88"
"236","Europe","Malta","Cosmetics","Offline","L","2/8/2014","275484168","2/24/2014","742","437.2","263.33","324402.4","195390.86","129011.54"
"238","Australia and Oceania","Marshall Islands","Clothes","Online","M","1/12/2010","522622478","2/7/2010","4460","109.28","35.84","487388.8","159846.4","327542.4"
"241","Middle East and North Africa","Jordan","Vegetables","Online","H","2/16/2012","661868607","3/18/2012","484","154.06","90.93","74565.04","44010.12","30554.92"
"242","Middle East and North Africa","Somalia","Office Supplies","Offline","M","5/19/2013","687693774","6/10/2013","2725","651.21","524.96","1774547.25","1430516.0","344031.25"
"243","Sub-Saharan Africa","Sierra Leone","Household","Online","H","1/31/2010","325440633","2/14/2010","3970","668.27","502.54","2653031.9","1995083.8","657948.1"
"245","Australia and Oceania","Marshall Islands","Cosmetics","Online","C","6/12/2011","632207238","7/13/2011","3026","437.2","263.33","1322967.2","796836.58","526130.62"
"246","Central America and the Caribbean","Saint Vincent and the Grenadines","Cosmetics","Online","H","8/21/2010","549762141","9/21/2010","5689","437.2","263.33","2487230.8","1498084.37","989146.43"
"247","Europe","Romania","Beverages","Online","L","1/24/2017","376309049","2/25/2017","7065","47.45","31.79","335234.25","224596.35","110637.9"
"248","Australia and Oceania","Tuvalu","Snacks","Online","C","5/29/2017","811896789","7/10/2017","7157","152.58","97.44","1092015.06","697378.08","394636.98"
"249","Sub-Saharan Africa","Equatorial Guinea","Beverages","Offline","L","7/21/2014","376886689","8/21/2014","8001","47.45","31.79","379647.45","254351.79","125295.66"
"250","Central America and the Caribbean","Cuba","Cosmetics","Online","L","3/27/2016","361952579","4/7/2016","8666","437.2","263.33","3788775.2","2282017.78","1506757.42"
"251","Europe","Bulgaria","Household","Online","H","2/14/2016","778080785","2/18/2016","250","668.27","502.54","167067.5","125635.0","41432.5"
"253","Australia and Oceania","Solomon Islands","Household","Online","L","3/1/2013","149031960","4/10/2013","724","668.27","502.54","483827.48","363838.96","119988.52"
"254","Europe","Montenegro","Snacks","Online","H","4/29/2014","377390086","5/18/2014","6968","152.58","97.44","1063177.44","678961.92","384215.52"
"255","Sub-Saharan Africa","Malawi","Cereal","Online","C","2/11/2014","883880841","3/22/2014","8838","205.7","117.11","1817976.6","1035018.18","782958.42"
"256","Sub-Saharan Africa","Mali","Vegetables","Online","L","4/20/2015","231053054","4/30/2015","2588","154.06","90.93","398707.28","235326.84","163380.44"
"258","Central America and the Caribbean","Nicaragua","Cosmetics","Offline","H","10/7/2011","849199664","10/21/2011","5907","437.2","263.33","2582540.4","1555490.31","1027050.09"
"259","Europe","Germany","Meat","Offline","L","5/2/2010","946834218","6/13/2010","8141","421.89","364.69","3434606.49","2968941.29","465665.2"
"260","Central America and the Caribbean","Belize","Fruits","Offline","C","11/18/2016","238470542","12/2/2016","7588","9.33","6.92","70796.04","52508.96","18287.08"
"261","Europe","Montenegro","Meat","Offline","C","10/14/2016","788219964","10/25/2016","658","421.89","364.69","277603.62","239966.02","37637.6"
"262","Central America and the Caribbean","Antigua and Barbuda ","Office Supplies","Online","C","6/2/2015","230506312","6/5/2015","795","651.21","524.96","517711.95","417343.2","100368.75"
"263","Europe","Ireland","Baby Food","Online","C","8/23/2011","320065915","9/15/2011","3472","255.28","159.42","886332.16","553506.24","332825.92"
"264","Sub-Saharan Africa","Guinea","Fruits","Offline","L","9/30/2016","181947600","11/10/2016","1193","9.33","6.92","11130.69","8255.56","2875.13"
"265","Europe","Russia","Beverages","Online","H","10/19/2012","361512696","11/29/2012","8495","47.45","31.79","403087.75","270056.05","133031.7"
"266","Central America and the Caribbean","Nicaragua","Beverages","Online","L","1/1/2017","574435031","2/15/2017","6946","47.45","31.79","329587.7","220813.34","108774.36"
"267","Middle East and North Africa","Yemen","Beverages","Offline","H","5/1/2017","156700932","6/10/2017","143","47.45","31.79","6785.35","4545.97","2239.38"
"268","Sub-Saharan Africa","Mauritania","Meat","Online","M","3/12/2014","314609229","4/30/2014","8717","421.89","364.69","3677615.13","3179002.73","498612.4"
"269","Central America and the Caribbean","Costa Rica","Vegetables","Offline","H","8/17/2016","974771249","8/25/2016","5329","154.06","90.93","820985.74","484565.97","336419.77"
"270","Middle East and North Africa","Tunisia ","Snacks","Online","H","10/22/2015","334110820","12/7/2015","9671","152.58","97.44","1475601.18","942342.24","533258.94"
"271","Europe","Montenegro","Vegetables","Online","L","7/19/2011","709864270","9/6/2011","3467","154.06","90.93","534126.02","315254.31","218871.71"
"273","Middle East and North Africa","Azerbaijan","Beverages","Offline","L","5/29/2012","181120622","6/22/2012","6472","47.45","31.79","307096.4","205744.88","101351.52"
"274","Sub-Saharan Africa","Niger","Vegetables","Offline","L","2/15/2011","662658679","3/1/2011","4284","154.06","90.93","659993.04","389544.12","270448.92"
"275","Europe","Austria","Personal Care","Offline","M","4/16/2016","432680928","4/25/2016","8757","81.73","56.67","715709.61","496259.19","219450.42"
"277","Central America and the Caribbean","Nicaragua","Beverages","Offline","H","8/1/2014","933685815","9/14/2014","7236","47.45","31.79","343348.2","230032.44","113315.76"
"278","Sub-Saharan Africa","Guinea-Bissau","Household","Offline","H","5/22/2017","913203608","5/31/2017","6096","668.27","502.54","4073773.92","3063483.84","1010290.08"
"279","Middle East and North Africa","Saudi Arabia","Beverages","Online","L","9/19/2015","478275907","10/17/2015","1324","47.45","31.79","62823.8","42089.96","20733.84"
"281","Europe","Latvia","Meat","Online","L","11/12/2014","785591828","12/8/2014","2934","421.89","364.69","1237825.26","1070000.46","167824.8"
"282","Europe","Slovenia","Cereal","Offline","L","3/4/2011","438870608","4/10/2011","421","205.7","117.11","86599.7","49303.31","37296.39"
"283","Sub-Saharan Africa","Botswana","Office Supplies","Online","H","9/5/2016","199774205","9/19/2016","6482","651.21","524.96","4221143.22","3402790.72","818352.5"
"284","Central America and the Caribbean","Guatemala","Baby Food","Offline","L","12/20/2010","599601447","2/3/2011","4248","255.28","159.42","1084429.44","677216.16","407213.28"
"285","Sub-Saharan Africa","Seychelles ","Baby Food","Online","L","7/18/2012","889963662","8/17/2012","8879","255.28","159.42","2266631.12","1415490.18","851140.94"
"286","Europe","Ireland","Snacks","Offline","C","6/24/2014","392784678","6/29/2014","2570","152.58","97.44","392130.6","250420.8","141709.8"
"288","Australia and Oceania","Tuvalu","Baby Food","Offline","M","12/8/2015","975060927","1/2/2016","1051","255.28","159.42","268299.28","167550.42","100748.86"
"289","Europe","Moldova ","Personal Care","Online","C","6/28/2014","599926316","7/8/2014","384","81.73","56.67","31384.32","21761.28","9623.04"
"290","Sub-Saharan Africa","Senegal","Baby Food","Offline","M","6/18/2011","128070819","7/11/2011","7856","255.28","159.42","2005479.68","1252403.52","753076.16"
"291","Sub-Saharan Africa","Angola","Cereal","Online","M","10/24/2012","582980763","11/9/2012","5818","205.7","117.11","1196762.6","681345.98","515416.62"
"292","Central America and the Caribbean","Trinidad and Tobago","Household","Offline","C","3/21/2014","358454978","4/22/2014","3648","668.27","502.54","2437848.96","1833265.92","604583.04"
"293","Europe","Ukraine","Office Supplies","Offline","C","5/30/2012","168604791","6/27/2012","2759","651.21","524.96","1796688.39","1448364.64","348323.75"
"294","Europe","Croatia","Beverages","Offline","C","7/19/2016","797854030","9/5/2016","1592","47.45","31.79","75540.4","50609.68","24930.72"
"297","Europe","Ukraine","Clothes","Offline","C","3/4/2013","749124085","4/12/2013","1319","109.28","35.84","144140.32","47272.96","96867.36"
"298","Middle East and North Africa","Egypt","Clothes","Online","M","11/20/2013","855259311","12/27/2013","9091","109.28","35.84","993464.48","325821.44","667643.04"
"299","Europe","Ukraine","Vegetables","Online","H","2/28/2014","907300603","3/28/2014","9265","154.06","90.93","1427365.9","842466.45","584899.45"
"300","Europe","Romania","Household","Online","H","8/12/2010","761546790","8/24/2010","7473","668.27","502.54","4993981.71","3755481.42","1238500.29"
"301","Sub-Saharan Africa","Nigeria","Clothes","Offline","C","1/25/2016","794609200","1/26/2016","1375","109.28","35.84","150260.0","49280.0","100980.0"
"302","Sub-Saharan Africa","Namibia","Clothes","Online","H","5/5/2010","553411662","6/22/2010","5664","109.28","35.84","618961.92","202997.76","415964.16"
"303","North America","Canada","Vegetables","Offline","C","3/5/2012","105190503","3/18/2012","7062","154.06","90.93","1087971.72","642147.66","445824.06"
"304","Europe","Moldova ","Office Supplies","Online","H","11/17/2014","487494552","11/17/2014","9326","651.21","524.96","6073184.46","4895776.96","1177407.5"
"305","Sub-Saharan Africa","Tanzania","Clothes","Online","L","10/23/2012","558185136","11/16/2012","8241","109.28","35.84","900576.48","295357.44","605219.04"
"306","Sub-Saharan Africa","Cape Verde","Cereal","Offline","C","10/9/2012","145436084","11/17/2012","6624","205.7","117.11","1362556.8","775736.64","586820.16"
"307","Europe","San Marino","Snacks","Offline","H","1/17/2015","497733724","1/28/2015","9324","152.58","97.44","1422655.92","908530.56","514125.36"
"308","Europe","Belgium","Household","Offline","H","3/11/2017","233876883","4/28/2017","8222","668.27","502.54","5494515.94","4131883.88","1362632.06"
"310","Middle East and North Africa","Egypt","Cereal","Online","C","11/24/2012","784457576","12/13/2012","7284","205.7","117.11","1498318.8","853029.24","645289.56"
"311","Sub-Saharan Africa","Guinea","Cosmetics","Online","H","6/25/2014","538055264","7/27/2014","1364","437.2","263.33","596340.8","359182.12","237158.68"
"312","Europe","Serbia","Household","Offline","M","11/4/2016","253818786","11/15/2016","9474","668.27","502.54","6331189.98","4761063.96","1570126.02"
"313","Sub-Saharan Africa","Mozambique","Meat","Online","C","4/19/2015","252109467","5/18/2015","3649","421.89","364.69","1539476.61","1330753.81","208722.8"
"314","Sub-Saharan Africa","Benin","Snacks","Online","H","1/3/2010","923601138","2/16/2010","2956","152.58","97.44","451026.48","288032.64","162993.84"
"315","Sub-Saharan Africa","Malawi","Meat","Offline","M","5/9/2017","479280126","6/9/2017","8495","421.89","364.69","3583955.55","3098041.55","485914.0"
"316","Europe","Latvia","Meat","Online","C","2/15/2013","800445258","4/6/2013","8394","421.89","364.69","3541344.66","3061207.86","480136.8"
"317","Europe","Switzerland","Personal Care","Online","H","1/17/2012","688707864","2/12/2012","2816","81.73","56.67","230151.68","159582.72","70568.96"
"318","Central America and the Caribbean","Dominican Republic","Personal Care","Offline","L","12/19/2010","815991771","1/11/2011","8953","81.73","56.67","731728.69","507366.51","224362.18"
"319","Australia and Oceania","Tuvalu","Baby Food","Online","L","5/18/2015","574533307","6/3/2015","6028","255.28","159.42","1538827.84","960983.76","577844.08"
"320","Europe","Monaco","Personal Care","Offline","L","11/25/2012","326881301","12/16/2012","296","81.73","56.67","24192.08","16774.32","7417.76"
"321","North America","United States of America","Personal Care","Online","L","12/13/2014","955897080","12/27/2014","43","81.73","56.67","3514.39","2436.81","1077.58"
"322","Europe","France","Household","Online","M","1/23/2015","714754474","2/5/2015","587","668.27","502.54","392274.49","294990.98","97283.51"
"323","Sub-Saharan Africa","Equatorial Guinea","Baby Food","Online","H","5/31/2015","176939809","7/17/2015","9276","255.28","159.42","2367977.28","1478779.92","889197.36"
"325","Europe","Georgia","Personal Care","Online","H","9/23/2015","406802117","9/24/2015","641","81.73","56.67","52388.93","36325.47","16063.46"
"326","Europe","Finland","Cosmetics","Online","M","1/4/2014","873014247","1/27/2014","3171","437.2","263.33","1386361.2","835019.43","551341.77"
"327","Europe","Netherlands","Personal Care","Online","L","10/1/2016","439624631","10/31/2016","3553","81.73","56.67","290386.69","201348.51","89038.18"
"328","Europe","Vatican City","Snacks","Offline","H","7/7/2012","931682097","8/19/2012","4292","152.58","97.44","654873.36","418212.48","236660.88"
"329","Europe","Cyprus","Snacks","Offline","C","8/30/2013","194547975","10/14/2013","9924","152.58","97.44","1514203.92","966994.56","547209.36"
"330","Australia and Oceania","Solomon Islands","Vegetables","Offline","C","9/5/2014","643896090","9/15/2014","2017","154.06","90.93","310739.02","183405.81","127333.21"
"331","North America","Canada","Baby Food","Online","C","2/10/2011","715712773","3/5/2011","4169","255.28","159.42","1064262.32","664621.98","399640.34"
"332","Europe","Italy","Personal Care","Online","L","12/8/2010","716296851","12/16/2010","7011","81.73","56.67","573009.03","397313.37","175695.66"
"333","Sub-Saharan Africa","Sierra Leone","Meat","Online","C","8/17/2015","572259652","8/19/2015","3203","421.89","364.69","1351313.67","1168102.07","183211.6"
"334","Sub-Saharan Africa","Botswana","Office Supplies","Offline","L","5/8/2016","280525004","6/9/2016","2438","651.21","524.96","1587649.98","1279852.48","307797.5"
"335","Europe","Kosovo","Personal Care","Offline","L","12/4/2012","358329236","1/7/2013","6439","81.73","56.67","526259.47","364898.13","161361.34"
"337","Europe","Latvia","Beverages","Online","H","5/1/2013","893062150","6/2/2013","5791","47.45","31.79","274782.95","184095.89","90687.06"
"338","Sub-Saharan Africa","Mauritius ","Household","Offline","C","10/2/2010","936025989","11/17/2010","9745","668.27","502.54","6512291.15","4897252.3","1615038.85"
"339","Europe","Monaco","Office Supplies","Online","M","11/30/2013","520599019","12/21/2013","5673","651.21","524.96","3694314.33","2978098.08","716216.25"
"340","Sub-Saharan Africa","Lesotho","Vegetables","Online","M","8/6/2016","515580070","9/14/2016","455","154.06","90.93","70097.3","41373.15","28724.15"
"341","Europe","Bosnia and Herzegovina","Fruits","Offline","L","8/22/2013","510080468","10/2/2013","3001","9.33","6.92","27999.33","20766.92","7232.41"
"342","Sub-Saharan Africa","Namibia","Cosmetics","Online","M","4/24/2012","163524043","5/4/2012","9253","437.2","263.33","4045411.6","2436592.49","1608819.11"
"347","Sub-Saharan Africa","Central African Republic","Snacks","Offline","H","7/29/2010","716598546","8/2/2010","6289","152.58","97.44","959575.62","612800.16","346775.46"
"348","Europe","Netherlands","Snacks","Offline","C","8/14/2011","509101569","9/20/2011","3323","152.58","97.44","507023.34","323793.12","183230.22"
"349","Australia and Oceania","Australia","Meat","Offline","C","8/31/2011","445264565","9/30/2011","2535","421.89","364.69","1069491.15","924489.15","145002.0"
"351","Sub-Saharan Africa","Djibouti","Beverages","Offline","M","5/25/2012","356578290","6/10/2012","8295","47.45","31.79","393597.75","263698.05","129899.7"
"353","Europe","Moldova ","Beverages","Online","L","7/13/2015","369680345","8/8/2015","5484","47.45","31.79","260215.8","174336.36","85879.44"
"355","Central America and the Caribbean","Costa Rica","Cosmetics","Offline","M","7/22/2010","628711354","8/26/2010","8516","437.2","263.33","3723195.2","2242518.28","1480676.92"
"356","Central America and the Caribbean","Nicaragua","Beverages","Online","M","1/12/2013","921861350","1/27/2013","8114","47.45","31.79","385009.3","257944.06","127065.24"
"357","Australia and Oceania","Nauru","Cereal","Offline","L","8/3/2011","602811944","9/4/2011","4305","205.7","117.11","885538.5","504158.55","381379.95"
"358","Central America and the Caribbean","Panama","Cosmetics","Offline","C","5/18/2015","455986964","6/18/2015","5531","437.2","263.33","2418153.2","1456478.23","961674.97"
"359","Central America and the Caribbean","Nicaragua","Clothes","Offline","L","11/28/2011","886122739","12/16/2011","2265","109.28","35.84","247519.2","81177.6","166341.6"
"360","Europe","Belgium","Vegetables","Offline","M","4/4/2016","568268096","5/15/2016","2013","154.06","90.93","310122.78","183042.09","127080.69"
"361","Sub-Saharan Africa","Togo","Fruits","Online","H","4/10/2014","497784364","4/17/2014","4310","9.33","6.92","40212.3","29825.2","10387.1"
"363","Europe","Bulgaria","Baby Food","Online","L","10/1/2015","481937444","10/26/2015","4854","255.28","159.42","1239129.12","773824.68","465304.44"
"364","Central America and the Caribbean","Costa Rica","Vegetables","Online","H","3/2/2015","178859412","4/7/2015","7330","154.06","90.93","1129259.8","666516.9","462742.9"
"365","Sub-Saharan Africa","Angola","Personal Care","Online","H","4/21/2015","307722604","4/30/2015","812","81.73","56.67","66364.76","46016.04","20348.72"
"366","Sub-Saharan Africa","Kenya","Beverages","Offline","H","2/14/2011","415450847","4/3/2011","9993","47.45","31.79","474167.85","317677.47","156490.38"
"368","Sub-Saharan Africa","Sao Tome and Principe","Cereal","Online","M","8/14/2016","906760299","8/20/2016","9377","205.7","117.11","1928848.9","1098140.47","830708.43"
"369","Sub-Saharan Africa","Angola","Office Supplies","Online","C","12/20/2013","285751664","2/5/2014","9122","651.21","524.96","5940337.62","4788685.12","1151652.5"
"370","Middle East and North Africa","Libya","Baby Food","Online","L","8/20/2012","334428393","9/23/2012","3648","255.28","159.42","931261.44","581564.16","349697.28"
"371","Middle East and North Africa","Algeria","Fruits","Offline","L","11/26/2012","501276814","1/3/2013","7804","9.33","6.92","72811.32","54003.68","18807.64"
"372","North America","Greenland","Clothes","Online","M","5/3/2012","305095756","5/15/2012","3469","109.28","35.84","379092.32","124328.96","254763.36"
"373","Europe","Belarus","Beverages","Offline","C","2/18/2017","684996545","3/15/2017","4555","47.45","31.79","216134.75","144803.45","71331.3"
"374","Sub-Saharan Africa","Gabon","Cosmetics","Online","C","8/19/2015","850403010","9/22/2015","2003","437.2","263.33","875711.6","527449.99","348261.61"
"377","Australia and Oceania","Papua New Guinea","Fruits","Offline","L","7/7/2016","858582246","7/11/2016","2421","9.33","6.92","22587.93","16753.32","5834.61"
"378","Sub-Saharan Africa","Mauritius ","Personal Care","Offline","C","10/29/2011","416499698","11/3/2011","371","81.73","56.67","30321.83","21024.57","9297.26"
"379","Europe","Germany","Meat","Offline","H","6/27/2011","911729466","8/1/2011","9865","421.89","364.69","4161944.85","3597666.85","564278.0"
"380","Sub-Saharan Africa","Ghana","Baby Food","Online","L","1/4/2014","625570380","1/9/2014","9032","255.28","159.42","2305688.96","1439881.44","865807.52"
"382","Sub-Saharan Africa","Mali","Personal Care","Offline","M","8/26/2015","185843455","8/30/2015","4063","81.73","56.67","332068.99","230250.21","101818.78"
"383","Middle East and North Africa","Somalia","Cereal","Online","L","2/10/2017","996435773","3/5/2017","6343","205.7","117.11","1304755.1","742828.73","561926.37"
"387","Middle East and North Africa","Iran","Personal Care","Online","H","5/22/2013","138295400","6/21/2013","3537","81.73","56.67","289079.01","200441.79","88637.22"
"388","Europe","Switzerland","Clothes","Online","C","7/6/2014","465283286","8/4/2014","6519","109.28","35.84","712396.32","233640.96","478755.36"
"389","Europe","Czech Republic","Snacks","Offline","L","2/20/2015","756634271","3/12/2015","3750","152.58","97.44","572175.0","365400.0","206775.0"
"390","Middle East and North Africa","Jordan","Baby Food","Offline","H","1/28/2013","446772181","2/18/2013","8672","255.28","159.42","2213788.16","1382490.24","831297.92"
"391","Central America and the Caribbean","Costa Rica","Fruits","Online","C","10/4/2014","390433347","10/18/2014","6758","9.33","6.92","63052.14","46765.36","16286.78"
"392","Europe","Finland","Household","Online","L","4/30/2016","612666594","5/22/2016","515","668.27","502.54","344159.05","258808.1","85350.95"
"393","Middle East and North Africa","Saudi Arabia","Beverages","Online","C","12/31/2014","758833253","1/27/2015","4477","47.45","31.79","212433.65","142323.83","70109.82"
"394","Europe","Latvia","Beverages","Online","M","10/28/2012","544607150","10/30/2012","213","47.45","31.79","10106.85","6771.27","3335.58"
"395","Sub-Saharan Africa","Sao Tome and Principe","Vegetables","Online","C","12/7/2012","205974614","1/11/2013","1320","154.06","90.93","203359.2","120027.6","83331.6"
"397","Middle East and North Africa","Pakistan","Beverages","Offline","C","2/6/2015","900998055","3/2/2015","4202","47.45","31.79","199384.9","133581.58","65803.32"
"398","Middle East and North Africa","Algeria","Fruits","Online","M","5/15/2017","958189189","6/29/2017","8329","9.33","6.92","77709.57","57636.68","20072.89"
"399","Europe","Liechtenstein","Beverages","Offline","C","10/12/2014","738044202","11/29/2014","2535","47.45","31.79","120285.75","80587.65","39698.1"
"400","Australia and Oceania","New Zealand","Personal Care","Online","C","12/28/2011","828111922","1/5/2012","5575","81.73","56.67","455644.75","315935.25","139709.5"
"401","Sub-Saharan Africa","Cameroon","Cosmetics","Offline","C","9/23/2014","536253678","10/11/2014","8235","437.2","263.33","3600342.0","2168522.55","1431819.45"
"402","Sub-Saharan Africa","Sierra Leone","Cosmetics","Online","H","11/8/2010","140643298","11/12/2010","8332","437.2","263.33","3642750.4","2194065.56","1448684.84"
"403","Central America and the Caribbean","Saint Kitts and Nevis ","Vegetables","Online","M","1/5/2012","439767110","1/16/2012","5715","154.06","90.93","880452.9","519664.95","360787.95"
"404","Central America and the Caribbean","Antigua and Barbuda ","Baby Food","Online","M","12/25/2011","502423942","1/11/2012","7264","255.28","159.42","1854353.92","1158026.88","696327.04"
"406","Australia and Oceania","Marshall Islands","Beverages","Online","H","4/14/2015","145094478","5/24/2015","5535","47.45","31.79","262635.75","175957.65","86678.1"
"407","Australia and Oceania","Palau","Clothes","Offline","M","6/30/2011","464268338","8/3/2011","6173","109.28","35.84","674585.44","221240.32","453345.12"
"408","Middle East and North Africa","Morocco","Vegetables","Offline","C","12/28/2014","225295531","1/28/2015","8809","154.06","90.93","1357114.54","801002.37","556112.17"
"409","Sub-Saharan Africa","Cape Verde","Cereal","Online","C","4/20/2017","198537385","5/17/2017","479","205.7","117.11","98530.3","56095.69","42434.61"
"410","Sub-Saharan Africa","Liberia","Household","Online","C","10/21/2014","324667727","10/29/2014","5250","668.27","502.54","3508417.5","2638335.0","870082.5"
"411","Sub-Saharan Africa","Lesotho","Meat","Offline","M","7/8/2012","164672887","7/31/2012","9221","421.89","364.69","3890247.69","3362806.49","527441.2"
"412","Europe","France","Beverages","Offline","H","9/26/2012","249851691","10/2/2012","5523","47.45","31.79","262066.35","175576.17","86490.18"
"414","Sub-Saharan Africa","Mauritania","Clothes","Offline","L","4/12/2016","932488048","4/30/2016","2790","109.28","35.84","304891.2","99993.6","204897.6"
"415","Europe","Switzerland","Personal Care","Offline","H","5/15/2014","694105756","6/21/2014","173","81.73","56.67","14139.29","9803.91","4335.38"
"416","Europe","Greece","Snacks","Online","L","2/1/2012","829217422","2/3/2012","2717","152.58","97.44","414559.86","264744.48","149815.38"
"417","Europe","Slovenia","Office Supplies","Offline","L","1/16/2017","870684373","2/4/2017","3709","651.21","524.96","2415337.89","1947076.64","468261.25"
"418","Europe","Macedonia","Vegetables","Offline","M","6/5/2011","421680438","7/2/2011","3467","154.06","90.93","534126.02","315254.31","218871.71"
"419","North America","Mexico","Office Supplies","Online","C","5/5/2016","505691945","6/6/2016","4339","651.21","524.96","2825600.19","2277801.44","547798.75"
"420","Sub-Saharan Africa","Angola","Office Supplies","Offline","H","4/27/2012","416517722","5/23/2012","5705","651.21","524.96","3715153.05","2994896.8","720256.25"
"421","Europe","Portugal","Beverages","Online","L","3/28/2011","868269097","4/11/2011","8976","47.45","31.79","425911.2","285347.04","140564.16"
"423","Europe","Belarus","Cereal","Offline","M","2/25/2010","752556455","3/14/2010","7033","205.7","117.11","1446688.1","823634.63","623053.47"
"424","Central America and the Caribbean","Saint Vincent and the Grenadines","Clothes","Online","L","9/25/2012","164877593","10/30/2012","9799","109.28","35.84","1070834.72","351196.16","719638.56"
"425","Europe","Finland","Beverages","Online","C","11/5/2015","977694642","11/9/2015","426","47.45","31.79","20213.7","13542.54","6671.16"
"427","Middle East and North Africa","Azerbaijan","Beverages","Offline","M","3/28/2010","787824285","3/28/2010","3568","47.45","31.79","169301.6","113426.72","55874.88"
"428","Sub-Saharan Africa","Eritrea","Cosmetics","Offline","M","8/14/2012","327422034","9/21/2012","311","437.2","263.33","135969.2","81895.63","54073.57"
"429","North America","United States of America","Personal Care","Offline","C","1/5/2015","552086007","2/20/2015","3373","81.73","56.67","275675.29","191147.91","84527.38"
"430","Sub-Saharan Africa","Liberia","Vegetables","Online","M","5/17/2012","108740031","6/11/2012","7447","154.06","90.93","1147284.82","677155.71","470129.11"
"431","Central America and the Caribbean","The Bahamas","Cereal","Online","L","11/19/2015","864620435","12/29/2015","9255","205.7","117.11","1903753.5","1083853.05","819900.45"
"432","Europe","Denmark","Snacks","Online","H","4/6/2011","257276046","5/18/2011","2554","152.58","97.44","389689.32","248861.76","140827.56"
"433","Europe","Slovakia","Fruits","Offline","H","8/8/2015","744568192","9/24/2015","3129","9.33","6.92","29193.57","21652.68","7540.89"
"434","Sub-Saharan Africa","Liberia","Cereal","Offline","L","12/22/2012","354670703","12/29/2012","3797","205.7","117.11","781042.9","444666.67","336376.23"
"435","Sub-Saharan Africa","Swaziland","Clothes","Offline","L","3/28/2011","336069905","5/9/2011","9408","109.28","35.84","1028106.24","337182.72","690923.52"
"436","Sub-Saharan Africa","Niger","Baby Food","Offline","H","7/13/2015","207564628","7/17/2015","1841","255.28","159.42","469970.48","293492.22","176478.26"
"437","Central America and the Caribbean","Barbados","Cereal","Online","M","11/25/2016","908266198","12/9/2016","5007","205.7","117.11","1029939.9","586369.77","443570.13"
"438","Europe","Liechtenstein","Office Supplies","Online","H","4/7/2011","747598445","5/5/2011","9848","651.21","524.96","6413116.08","5169806.08","1243310.0"
"439","Central America and the Caribbean","The Bahamas","Fruits","Online","H","9/26/2010","355297696","10/11/2010","9339","9.33","6.92","87132.87","64625.88","22506.99"
"440","Central America and the Caribbean","Trinidad and Tobago","Snacks","Offline","H","2/18/2017","431412780","3/25/2017","3483","152.58","97.44","531436.14","339383.52","192052.62"
"441","Middle East and North Africa","Iraq","Fruits","Offline","L","8/19/2010","396305024","8/26/2010","4318","9.33","6.92","40286.94","29880.56","10406.38"
"443","Australia and Oceania","Solomon Islands","Household","Online","H","8/31/2013","275428807","9/18/2013","4360","668.27","502.54","2913657.2","2191074.4","722582.8"
"444","Middle East and North Africa","Kuwait","Household","Online","L","5/15/2015","281945502","6/24/2015","2794","668.27","502.54","1867146.38","1404096.76","463049.62"
"445","Sub-Saharan Africa","Ethiopia","Baby Food","Online","H","3/24/2011","361809670","4/27/2011","6377","255.28","159.42","1627920.56","1016621.34","611299.22"
"447","North America","United States of America","Office Supplies","Online","C","9/30/2011","349588239","10/7/2011","9783","651.21","524.96","6370787.43","5135683.68","1235103.75"
"448","Sub-Saharan Africa","South Africa","Personal Care","Offline","M","2/4/2017","912287795","3/3/2017","5086","81.73","56.67","415678.78","288223.62","127455.16"
"449","Sub-Saharan Africa","Botswana","Household","Offline","L","5/28/2010","157905137","5/28/2010","6494","668.27","502.54","4339745.38","3263494.76","1076250.62"
"450","Australia and Oceania","Samoa ","Fruits","Offline","C","7/2/2015","839614093","8/17/2015","9323","9.33","6.92","86983.59","64515.16","22468.43"
"451","Sub-Saharan Africa","Burkina Faso","Meat","Offline","H","11/4/2011","830900990","12/15/2011","922","421.89","364.69","388982.58","336244.18","52738.4"
"453","Europe","Germany","Fruits","Online","M","1/10/2015","937716424","1/26/2015","9983","9.33","6.92","93141.39","69082.36","24059.03"
"455","Sub-Saharan Africa","Guinea","Fruits","Online","M","3/29/2013","172492063","4/25/2013","3089","9.33","6.92","28820.37","21375.88","7444.49"
"456","Middle East and North Africa","Pakistan","Household","Online","L","1/16/2013","124901092","2/15/2013","9863","668.27","502.54","6591147.01","4956552.02","1634594.99"
"457","Middle East and North Africa","Morocco","Cosmetics","Online","H","10/22/2016","254368531","11/29/2016","2156","437.2","263.33","942603.2","567739.48","374863.72"
"458","Sub-Saharan Africa","South Africa","Household","Offline","H","6/13/2011","276568210","7/7/2011","1534","668.27","502.54","1025126.18","770896.36","254229.82"
"459","Middle East and North Africa","Saudi Arabia","Snacks","Offline","H","3/26/2015","427486455","4/19/2015","1597","152.58","97.44","243670.26","155611.68","88058.58"
"460","Sub-Saharan Africa","Democratic Republic of the Congo","Fruits","Offline","H","6/1/2013","113422095","6/12/2013","2973","9.33","6.92","27738.09","20573.16","7164.93"
"461","Central America and the Caribbean","Saint Kitts and Nevis ","Personal Care","Online","M","1/17/2015","160986459","2/10/2015","8325","81.73","56.67","680402.25","471777.75","208624.5"
"462","Sub-Saharan Africa","Central African Republic","Cosmetics","Online","M","4/16/2011","567103374","5/23/2011","7345","437.2","263.33","3211234.0","1934158.85","1277075.15"
"463","Europe","San Marino","Meat","Offline","L","2/8/2017","949009168","3/19/2017","1757","421.89","364.69","741260.73","640760.33","100500.4"
"464","Australia and Oceania","Samoa ","Beverages","Online","H","6/11/2014","994252669","6/18/2014","314","47.45","31.79","14899.3","9982.06","4917.24"
"466","Australia and Oceania","Samoa ","Snacks","Online","C","6/6/2011","976510608","7/18/2011","44","152.58","97.44","6713.52","4287.36","2426.16"
"467","Sub-Saharan Africa","Uganda","Meat","Offline","C","8/1/2010","190185201","8/30/2010","8882","421.89","364.69","3747226.98","3239176.58","508050.4"
"468","Europe","Italy","Snacks","Offline","L","5/30/2015","320517814","6/23/2015","7199","152.58","97.44","1098423.42","701470.56","396952.86"
"469","Sub-Saharan Africa","Rwanda","Personal Care","Offline","L","3/6/2013","956619775","3/26/2013","3904","81.73","56.67","319073.92","221239.68","97834.24"
"471","Australia and Oceania","Australia","Baby Food","Offline","H","2/4/2010","204139554","2/7/2010","8285","255.28","159.42","2114994.8","1320794.7","794200.1"
"472","Europe","Greece","Cosmetics","Online","M","8/11/2015","145342528","8/31/2015","8939","437.2","263.33","3908130.8","2353906.87","1554223.93"
"473","Europe","Monaco","Household","Online","L","8/28/2011","551885163","10/12/2011","3939","668.27","502.54","2632315.53","1979505.06","652810.47"
"474","North America","Canada","Fruits","Online","L","5/1/2017","464441287","5/13/2017","7353","9.33","6.92","68603.49","50882.76","17720.73"
"475","Australia and Oceania","Kiribati","Fruits","Offline","H","12/7/2014","343997228","12/26/2014","5279","9.33","6.92","49253.07","36530.68","12722.39"
"476","Europe","Bulgaria","Cosmetics","Online","C","5/2/2014","721851813","5/6/2014","848","437.2","263.33","370745.6","223303.84","147441.76"
"477","Middle East and North Africa","Pakistan","Cosmetics","Offline","H","4/27/2011","849616372","5/13/2011","9220","437.2","263.33","4030984.0","2427902.6","1603081.4"
"478","Central America and the Caribbean","Jamaica","Personal Care","Online","L","2/6/2014","949214732","3/21/2014","2588","81.73","56.67","211517.24","146661.96","64855.28"
"479","Europe","Georgia","Meat","Online","H","10/25/2016","862883222","11/29/2016","5175","421.89","364.69","2183280.75","1887270.75","296010.0"
"480","Central America and the Caribbean","Saint Lucia","Baby Food","Offline","C","11/14/2010","503170669","12/17/2010","8237","255.28","159.42","2102741.36","1313142.54","789598.82"
"481","Central America and the Caribbean","Honduras","Cosmetics","Online","C","6/16/2011","302938401","7/26/2011","5060","437.2","263.33","2212232.0","1332449.8","879782.2"
"482","Sub-Saharan Africa","Madagascar","Snacks","Online","H","11/27/2015","765360248","1/13/2016","5960","152.58","97.44","909376.8","580742.4","328634.4"
"483","Central America and the Caribbean","Costa Rica","Snacks","Offline","C","1/12/2015","213922536","1/19/2015","3287","152.58","97.44","501530.46","320285.28","181245.18"
"484","Sub-Saharan Africa","The Gambia","Baby Food","Offline","H","1/30/2012","642424094","2/13/2012","6420","255.28","159.42","1638897.6","1023476.4","615421.2"
"486","Europe","Poland","Vegetables","Online","H","6/15/2014","166002833","7/17/2014","2782","154.06","90.93","428594.92","252967.26","175627.66"
"489","Sub-Saharan Africa","Sao Tome and Principe","Clothes","Offline","C","4/26/2010","388854920","5/25/2010","9667","109.28","35.84","1056409.76","346465.28","709944.48"
"492","Australia and Oceania","Papua New Guinea","Cosmetics","Offline","C","7/19/2010","307234656","8/5/2010","6417","437.2","263.33","2805512.4","1689788.61","1115723.79"
"493","Europe","Spain","Clothes","Online","H","3/13/2015","627699410","3/22/2015","9059","109.28","35.84","989967.52","324674.56","665292.96"
"494","Sub-Saharan Africa","Sierra Leone","Beverages","Offline","H","2/8/2014","533279216","3/11/2014","8025","47.45","31.79","380786.25","255114.75","125671.5"
"495","Middle East and North Africa","Bahrain","Fruits","Offline","C","11/16/2010","991210401","12/31/2010","39","9.33","6.92","363.87","269.88","93.99"
"496","Sub-Saharan Africa","South Sudan","Snacks","Online","H","12/14/2013","339041793","12/18/2013","8856","152.58","97.44","1351248.48","862928.64","488319.84"
"497","Europe","Ireland","Fruits","Online","C","2/18/2010","134634721","3/15/2010","261","9.33","6.92","2435.13","1806.12","629.01"
"498","Europe","Moldova ","Vegetables","Offline","H","10/14/2013","206163012","10/22/2013","7072","154.06","90.93","1089512.32","643056.96","446455.36"
"499","Sub-Saharan Africa","Cameroon","Meat","Offline","L","1/17/2010","902112996","2/10/2010","4137","421.89","364.69","1745358.93","1508722.53","236636.4"
"500","Middle East and North Africa","Kuwait","Office Supplies","Online","C","8/16/2011","841283500","9/11/2011","3338","651.21","524.96","2173738.98","1752316.48","421422.5"
"501","Sub-Saharan Africa","Tanzania","Office Supplies","Online","H","2/22/2017","962785851","3/26/2017","8584","651.21","524.96","5589986.64","4506256.64","1083730.0"
"504","Europe","Denmark","Fruits","Offline","L","6/1/2010","267084777","7/10/2010","5176","9.33","6.92","48292.08","35817.92","12474.16"
"505","Europe","Poland","Office Supplies","Online","C","10/18/2012","665277802","11/27/2012","9341","651.21","524.96","6082952.61","4903651.36","1179301.25"
"506","Europe","Bosnia and Herzegovina","Clothes","Online","H","11/16/2016","696046817","11/27/2016","4576","109.28","35.84","500065.28","164003.84","336061.44"
"507","Sub-Saharan Africa","Angola","Cereal","Offline","M","4/26/2016","370378148","5/25/2016","1979","205.7","117.11","407080.3","231760.69","175319.61"
"508","Sub-Saharan Africa","Cape Verde","Meat","Offline","C","3/14/2017","669570624","3/15/2017","9682","421.89","364.69","4084738.98","3530928.58","553810.4"
"509","Europe","Romania","Meat","Offline","M","7/12/2011","395235574","7/16/2011","7844","421.89","364.69","3309305.16","2860628.36","448676.8"
"510","Europe","Moldova ","Cosmetics","Online","H","4/19/2011","219296824","4/21/2011","3658","437.2","263.33","1599277.6","963261.14","636016.46"
"511","Australia and Oceania","Australia","Snacks","Offline","L","6/6/2014","433990705","6/25/2014","6349","152.58","97.44","968730.42","618646.56","350083.86"
"512","Sub-Saharan Africa","Burundi","Vegetables","Online","H","2/13/2016","501866042","3/5/2016","2169","154.06","90.93","334156.14","197227.17","136928.97"
"513","Europe","Denmark","Beverages","Offline","L","8/17/2012","405784165","9/22/2012","9407","47.45","31.79","446362.15","299048.53","147313.62"
"514","Sub-Saharan Africa","Sudan","Fruits","Online","H","8/22/2012","198918902","9/20/2012","3378","9.33","6.92","31516.74","23375.76","8140.98"
"515","Middle East and North Africa","Somalia","Meat","Offline","L","10/7/2010","454756581","11/6/2010","1433","421.89","364.69","604568.37","522600.77","81967.6"
"516","Sub-Saharan Africa","Chad","Baby Food","Online","C","1/12/2014","917096030","1/19/2014","7950","255.28","159.42","2029476.0","1267389.0","762087.0"
"517","Europe","Poland","Beverages","Online","M","5/21/2015","950048577","7/1/2015","9341","47.45","31.79","443230.45","296950.39","146280.06"
"520","Middle East and North Africa","Egypt","Snacks","Offline","L","3/26/2010","368385589","4/11/2010","2337","152.58","97.44","356579.46","227717.28","128862.18"
"521","Middle East and North Africa","Tunisia ","Household","Online","C","7/9/2011","481153810","8/5/2011","2959","668.27","502.54","1977410.93","1487015.86","490395.07"
"522","Europe","Luxembourg","Household","Offline","M","7/18/2010","739779269","8/10/2010","5980","668.27","502.54","3996254.6","3005189.2","991065.4"
"523","Sub-Saharan Africa","Burundi","Meat","Offline","L","6/6/2010","480248296","7/18/2010","4998","421.89","364.69","2108606.22","1822720.62","285885.6"
"524","Europe","Serbia","Beverages","Offline","M","7/31/2011","908859717","8/5/2011","642","47.45","31.79","30462.9","20409.18","10053.72"
"526","Europe","Bosnia and Herzegovina","Vegetables","Offline","L","4/2/2013","907267558","4/8/2013","9487","154.06","90.93","1461567.22","862652.91","598914.31"
"527","Central America and the Caribbean","Honduras","Fruits","Offline","L","5/2/2012","991224133","5/10/2012","4103","9.33","6.92","38280.99","28392.76","9888.23"
"529","Europe","Russia","Fruits","Offline","H","5/13/2011","216386735","6/6/2011","2498","9.33","6.92","23306.34","17286.16","6020.18"
"530","Middle East and North Africa","Afghanistan","Household","Online","H","6/22/2012","743627917","6/29/2012","4881","668.27","502.54","3261825.87","2452897.74","808928.13"
"531","Middle East and North Africa","Saudi Arabia","Snacks","Offline","C","3/13/2017","671853291","4/8/2017","5174","152.58","97.44","789448.92","504154.56","285294.36"
"532","Europe","Andorra","Snacks","Offline","H","9/27/2011","869861686","10/6/2011","258","152.58","97.44","39365.64","25139.52","14226.12"
"533","Sub-Saharan Africa","Comoros","Meat","Offline","C","8/28/2013","926764428","8/29/2013","9044","421.89","364.69","3815573.16","3298256.36","517316.8"
"534","Europe","Germany","Snacks","Online","M","1/26/2015","501985347","3/1/2015","7474","152.58","97.44","1140382.92","728266.56","412116.36"
"535","Australia and Oceania","Marshall Islands","Office Supplies","Offline","M","9/27/2016","675260770","9/28/2016","3522","651.21","524.96","2293561.62","1848909.12","444652.5"
"536","Central America and the Caribbean","Belize","Cereal","Offline","L","9/13/2016","796639525","10/22/2016","2194","205.7","117.11","451305.8","256939.34","194366.46"
"537","Middle East and North Africa","Somalia","Office Supplies","Online","L","1/21/2014","736482942","3/3/2014","524","651.21","524.96","341234.04","275079.04","66155.0"
"538","Europe","Finland","Baby Food","Online","M","10/3/2012","435464847","11/16/2012","2580","255.28","159.42","658622.4","411303.6","247318.8"
"539","Middle East and North Africa","Afghanistan","Fruits","Offline","H","4/1/2010","354571568","5/16/2010","4461","9.33","6.92","41621.13","30870.12","10751.01"
"540","Europe","Estonia","Personal Care","Offline","C","5/26/2016","125101935","6/25/2016","9298","81.73","56.67","759925.54","526917.66","233007.88"
"541","Europe","Russia","Fruits","Offline","H","11/9/2011","798667275","11/9/2011","2250","9.33","6.92","20992.5","15570.0","5422.5"
"542","Europe","Slovenia","Meat","Online","L","5/25/2012","797191417","7/9/2012","5510","421.89","364.69","2324613.9","2009441.9","315172.0"
"543","Middle East and North Africa","Turkey","Meat","Offline","M","2/29/2012","862910687","3/11/2012","3303","421.89","364.69","1393502.67","1204571.07","188931.6"
"544","Australia and Oceania","Tonga","Office Supplies","Offline","H","2/16/2010","908373916","3/30/2010","6883","651.21","524.96","4482278.43","3613299.68","868978.75"
"545","Sub-Saharan Africa","Mali","Cereal","Offline","L","12/1/2013","466442430","1/9/2014","9535","205.7","117.11","1961349.5","1116643.85","844705.65"
"546","Middle East and North Africa","Saudi Arabia","Meat","Online","C","4/14/2013","940290057","5/28/2013","1578","421.89","364.69","665742.42","575480.82","90261.6"
"547","Sub-Saharan Africa","Botswana","Meat","Offline","C","3/12/2014","653403127","3/22/2014","5360","421.89","364.69","2261330.4","1954738.4","306592.0"
"548","Sub-Saharan Africa","Zimbabwe","Snacks","Online","L","4/25/2012","699580466","5/27/2012","261","152.58","97.44","39823.38","25431.84","14391.54"
"549","Central America and the Caribbean","Trinidad and Tobago","Cosmetics","Online","C","12/16/2011","892933404","12/29/2011","7692","437.2","263.33","3362942.4","2025534.36","1337408.04"
"550","Australia and Oceania","New Zealand","Cosmetics","Offline","H","9/14/2014","217885768","9/14/2014","6095","437.2","263.33","2664734.0","1604996.35","1059737.65"
"551","Sub-Saharan Africa","Malawi","Vegetables","Offline","H","8/21/2015","879173886","10/10/2015","5945","154.06","90.93","915886.7","540578.85","375307.85"
"552","North America","Mexico","Cereal","Online","H","9/6/2014","651846587","9/13/2014","4745","205.7","117.11","976046.5","555686.95","420359.55"
"553","Europe","Macedonia","Snacks","Offline","H","11/2/2012","531265199","12/4/2012","2033","152.58","97.44","310195.14","198095.52","112099.62"
"556","Middle East and North Africa","United Arab Emirates","Office Supplies","Offline","L","7/8/2016","118297278","8/3/2016","5648","651.21","524.96","3678034.08","2964974.08","713060.0"
"557","Europe","Switzerland","Cosmetics","Online","M","11/7/2015","534562814","11/8/2015","7871","437.2","263.33","3441201.2","2072670.43","1368530.77"
"559","Sub-Saharan Africa","Niger","Personal Care","Offline","L","11/29/2013","949050366","12/28/2013","3948","81.73","56.67","322670.04","223733.16","98936.88"
"560","Europe","Slovakia","Baby Food","Offline","M","2/11/2017","252057540","3/29/2017","8282","255.28","159.42","2114228.96","1320316.44","793912.52"
"561","Europe","Denmark","Meat","Offline","C","9/17/2012","255951249","10/18/2012","517","421.89","364.69","218117.13","188544.73","29572.4"
"614","Europe","Vatican City","Fruits","Online","L","6/5/2015","101018702","7/22/2015","2534","9.33","6.92","23642.22","17535.28","6106.94"
"563","North America","United States of America","Office Supplies","Offline","H","11/24/2016","399406087","12/29/2016","1992","651.21","524.96","1297210.32","1045720.32","251490.0"
"564","Central America and the Caribbean","Jamaica","Cereal","Online","H","10/5/2015","406252372","10/30/2015","7959","205.7","117.11","1637166.3","932078.49","705087.81"
"565","Europe","Austria","Beverages","Offline","H","4/15/2010","848555505","5/13/2010","5286","47.45","31.79","250820.7","168041.94","82778.76"
"566","Sub-Saharan Africa","South Sudan","Personal Care","Offline","L","7/12/2011","935739314","8/31/2011","4912","81.73","56.67","401457.76","278363.04","123094.72"
"567","Central America and the Caribbean","Grenada","Cereal","Offline","M","6/15/2016","397540128","6/26/2016","9813","205.7","117.11","2018534.1","1149200.43","869333.67"
"569","Sub-Saharan Africa","Liberia","Clothes","Online","L","6/8/2015","765500581","7/28/2015","7488","109.28","35.84","818288.64","268369.92","549918.72"
"570","Central America and the Caribbean","Saint Kitts and Nevis ","Cereal","Online","L","7/17/2012","582695376","7/24/2012","1366","205.7","117.11","280986.2","159972.26","121013.94"
"571","Europe","Liechtenstein","Household","Online","H","11/15/2011","296577489","12/2/2011","2724","668.27","502.54","1820367.48","1368918.96","451448.52"
"572","Middle East and North Africa","Tunisia ","Meat","Offline","L","12/7/2011","888445746","1/18/2012","9694","421.89","364.69","4089801.66","3535304.86","554496.8"
"573","Middle East and North Africa","Somalia","Cosmetics","Offline","H","4/20/2012","259911477","4/24/2012","2437","437.2","263.33","1065456.4","641735.21","423721.19"
"574","Sub-Saharan Africa","Namibia","Household","Online","H","5/28/2017","882898509","6/15/2017","8144","668.27","502.54","5442390.88","4092685.76","1349705.12"
"575","Europe","Germany","Meat","Offline","M","1/4/2010","349643170","1/14/2010","6039","421.89","364.69","2547793.71","2202362.91","345430.8"
"576","Central America and the Caribbean","Antigua and Barbuda ","Fruits","Online","H","8/12/2015","822694289","9/26/2015","2377","9.33","6.92","22177.41","16448.84","5728.57"
"578","Sub-Saharan Africa","Sao Tome and Principe","Meat","Offline","L","4/4/2010","289473712","5/15/2010","559","421.89","364.69","235836.51","203861.71","31974.8"
"579","Sub-Saharan Africa","Sierra Leone","Clothes","Online","L","3/2/2010","809862172","4/19/2010","5069","109.28","35.84","553940.32","181672.96","372267.36"
"580","Europe","Latvia","Office Supplies","Offline","H","7/3/2014","889877402","8/10/2014","3353","651.21","524.96","2183507.13","1760190.88","423316.25"
"581","Central America and the Caribbean","Honduras","Clothes","Offline","L","3/20/2016","793630731","5/3/2016","1824","109.28","35.84","199326.72","65372.16","133954.56"
"583","Europe","France","Household","Offline","H","8/16/2011","130359494","9/23/2011","5126","668.27","502.54","3425552.02","2576020.04","849531.98"
"584","Middle East and North Africa","Iran","Cosmetics","Offline","H","6/19/2015","443120086","7/19/2015","7935","437.2","263.33","3469182.0","2089523.55","1379658.45"
"585","Europe","Georgia","Fruits","Online","C","4/11/2014","539189088","5/25/2014","6888","9.33","6.92","64265.04","47664.96","16600.08"
"587","Middle East and North Africa","Jordan","Office Supplies","Online","L","9/3/2013","364260137","10/11/2013","1524","651.21","524.96","992444.04","800039.04","192405.0"
"588","Europe","Bosnia and Herzegovina","Clothes","Offline","C","3/20/2010","635547339","4/17/2010","1436","109.28","35.84","156926.08","51466.24","105459.84"
"589","Sub-Saharan Africa","Benin","Vegetables","Offline","H","5/10/2016","874713265","5/18/2016","5948","154.06","90.93","916348.88","540851.64","375497.24"
"590","Australia and Oceania","Samoa ","Household","Offline","M","9/10/2015","178681743","9/14/2015","4753","668.27","502.54","3176287.31","2388572.62","787714.69"
"591","Sub-Saharan Africa","Mauritius ","Fruits","Offline","C","8/10/2015","864689099","8/16/2015","9575","9.33","6.92","89334.75","66259.0","23075.75"
"592","Middle East and North Africa","Jordan","Fruits","Online","L","3/12/2013","820284163","4/20/2013","9167","9.33","6.92","85528.11","63435.64","22092.47"
"593","Australia and Oceania","New Zealand","Baby Food","Online","C","3/7/2014","253328263","4/21/2014","4317","255.28","159.42","1102043.76","688216.14","413827.62"
"594","Europe","Italy","Clothes","Online","M","12/30/2013","341995227","12/30/2013","2842","109.28","35.84","310573.76","101857.28","208716.48"
"595","Central America and the Caribbean","Nicaragua","Vegetables","Online","C","9/18/2016","984771382","9/18/2016","4591","154.06","90.93","707289.46","417459.63","289829.83"
"596","Middle East and North Africa","Saudi Arabia","Cereal","Offline","H","2/11/2016","350455558","3/4/2016","6442","205.7","117.11","1325119.4","754422.62","570696.78"
"597","Central America and the Caribbean","Panama","Household","Offline","L","8/10/2014","728159081","8/21/2014","7308","668.27","502.54","4883717.16","3672562.32","1211154.84"
"598","Sub-Saharan Africa","Angola","Cereal","Offline","C","11/21/2011","877305781","1/8/2012","3131","205.7","117.11","644046.7","366671.41","277375.29"
"600","Sub-Saharan Africa","Rwanda","Fruits","Online","C","9/11/2010","379186522","10/16/2010","8573","9.33","6.92","79986.09","59325.16","20660.93"
"602","Middle East and North Africa","Libya","Baby Food","Online","C","3/25/2016","237738406","3/27/2016","932","255.28","159.42","237920.96","148579.44","89341.52"
"603","Europe","Malta","Office Supplies","Online","M","8/11/2013","196395909","9/28/2013","6769","651.21","524.96","4408040.49","3553454.24","854586.25"
"604","Europe","Moldova ","Cosmetics","Offline","H","5/16/2011","259602057","6/20/2011","873","437.2","263.33","381675.6","229887.09","151788.51"
"605","Sub-Saharan Africa","Kenya","Meat","Offline","L","11/12/2012","578968179","11/26/2012","8405","421.89","364.69","3545985.45","3065219.45","480766.0"
"606","Europe","Moldova ","Household","Offline","H","3/3/2011","476418101","3/27/2011","1558","668.27","502.54","1041164.66","782957.32","258207.34"
"607","Middle East and North Africa","Pakistan","Clothes","Online","C","7/22/2015","694188153","8/7/2015","4556","109.28","35.84","497879.68","163287.04","334592.64"
"608","Europe","Kosovo","Baby Food","Offline","C","6/6/2017","244827163","7/5/2017","8653","255.28","159.42","2208937.84","1379461.26","829476.58"
"610","Sub-Saharan Africa","Equatorial Guinea","Vegetables","Offline","H","2/19/2011","946469867","3/10/2011","321","154.06","90.93","49453.26","29188.53","20264.73"
"611","Sub-Saharan Africa","Namibia","Vegetables","Online","M","10/30/2013","924133718","12/11/2013","558","154.06","90.93","85965.48","50738.94","35226.54"
"613","Europe","France","Personal Care","Online","C","1/9/2013","652140557","2/8/2013","1738","81.73","56.67","142046.74","98492.46","43554.28"
"615","Central America and the Caribbean","Trinidad and Tobago","Fruits","Online","C","4/20/2015","239357602","5/23/2015","88","9.33","6.92","821.04","608.96","212.08"
"618","Middle East and North Africa","Oman","Personal Care","Offline","L","10/3/2015","893189609","10/16/2015","3509","81.73","56.67","286790.57","198855.03","87935.54"
"620","Central America and the Caribbean","Honduras","Snacks","Offline","C","5/24/2015","660609900","6/4/2015","8005","152.58","97.44","1221402.9","780007.2","441395.7"
"621","Central America and the Caribbean","Dominica","Clothes","Online","H","12/23/2016","272676217","1/14/2017","9807","109.28","35.84","1071708.96","351482.88","720226.08"
"622","Middle East and North Africa","Libya","Personal Care","Offline","M","5/30/2011","876107585","6/26/2011","8558","81.73","56.67","699445.34","484981.86","214463.48"
"623","Central America and the Caribbean","Belize","Cosmetics","Offline","L","6/3/2017","738140332","7/14/2017","982","437.2","263.33","429330.4","258590.06","170740.34"
"624","Middle East and North Africa","Azerbaijan","Vegetables","Online","C","3/6/2013","896323287","3/21/2013","834","154.06","90.93","128486.04","75835.62","52650.42"
"625","Europe","France","Snacks","Offline","H","10/7/2015","208517777","10/22/2015","3899","152.58","97.44","594909.42","379918.56","214990.86"
"626","Sub-Saharan Africa","Togo","Office Supplies","Offline","C","10/29/2016","302897632","12/14/2016","2995","651.21","524.96","1950373.95","1572255.2","378118.75"
"627","Europe","Russia","Personal Care","Offline","C","8/26/2016","627949178","9/18/2016","2971","81.73","56.67","242819.83","168366.57","74453.26"
"629","Sub-Saharan Africa","Ethiopia","Household","Offline","L","6/23/2011","565575158","6/24/2011","5112","668.27","502.54","3416196.24","2568984.48","847211.76"
"630","Sub-Saharan Africa","Comoros","Office Supplies","Online","C","2/26/2016","326684749","3/25/2016","2132","651.21","524.96","1388379.72","1119214.72","269165.0"
"631","Middle East and North Africa","Oman","Fruits","Online","M","3/27/2016","615536344","3/28/2016","9737","9.33","6.92","90846.21","67380.04","23466.17"
"632","Sub-Saharan Africa","South Sudan","Personal Care","Offline","M","7/19/2013","332178771","8/19/2013","7935","81.73","56.67","648527.55","449676.45","198851.1"
"633","Middle East and North Africa","Jordan","Vegetables","Offline","L","12/21/2010","696973359","1/28/2011","8760","154.06","90.93","1349565.6","796546.8","553018.8"
"635","Middle East and North Africa","Morocco","Office Supplies","Offline","H","6/21/2015","954026830","7/26/2015","6594","651.21","524.96","4294078.74","3461586.24","832492.5"
"636","Sub-Saharan Africa","South Africa","Household","Offline","L","9/17/2014","938570868","9/26/2014","2832","668.27","502.54","1892540.64","1423193.28","469347.36"
"638","Europe","Belarus","Office Supplies","Online","H","5/30/2016","477750194","6/11/2016","5754","651.21","524.96","3747062.34","3020619.84","726442.5"
"639","Sub-Saharan Africa","Senegal","Vegetables","Online","L","8/22/2013","996545636","9/20/2013","8854","154.06","90.93","1364047.24","805094.22","558953.02"
"640","Europe","Slovenia","Office Supplies","Offline","L","8/1/2015","974772536","9/16/2015","5710","651.21","524.96","3718409.1","2997521.6","720887.5"
"641","Sub-Saharan Africa","Namibia","Cosmetics","Online","M","12/3/2010","395292222","1/13/2011","4608","437.2","263.33","2014617.6","1213424.64","801192.96"
"642","Sub-Saharan Africa","Sudan","Baby Food","Online","M","12/3/2015","211278522","1/2/2016","864","255.28","159.42","220561.92","137738.88","82823.04"
"643","Central America and the Caribbean","The Bahamas","Cosmetics","Offline","L","1/14/2010","996217763","2/26/2010","1829","437.2","263.33","799638.8","481630.57","318008.23"
"644","Middle East and North Africa","Afghanistan","Cereal","Online","M","6/13/2015","693908774","7/31/2015","1881","205.7","117.11","386921.7","220283.91","166637.79"
"645","Sub-Saharan Africa","Nigeria","Clothes","Offline","M","7/11/2017","468462884","8/4/2017","7432","109.28","35.84","812168.96","266362.88","545806.08"
"646","Middle East and North Africa","Morocco","Meat","Online","L","1/26/2014","654303920","3/10/2014","1925","421.89","364.69","812138.25","702028.25","110110.0"
"647","Sub-Saharan Africa","Cote d'Ivoire","Cereal","Online","L","7/11/2011","306168210","8/15/2011","832","205.7","117.11","171142.4","97435.52","73706.88"
"648","Middle East and North Africa","Syria","Clothes","Offline","H","8/7/2013","349104583","8/29/2013","6659","109.28","35.84","727695.52","238658.56","489036.96"
"649","Europe","United Kingdom","Cereal","Offline","H","7/3/2017","428474366","8/11/2017","3941","205.7","117.11","810663.7","461530.51","349133.19"
"650","Sub-Saharan Africa","Burundi","Cosmetics","Online","L","2/25/2010","259951388","3/3/2010","4247","437.2","263.33","1856788.4","1118362.51","738425.89"
"651","Sub-Saharan Africa","Ghana","Office Supplies","Offline","C","5/23/2017","979521977","6/3/2017","1175","651.21","524.96","765171.75","616828.0","148343.75"
"652","Middle East and North Africa","Jordan","Clothes","Online","L","11/24/2016","193484961","12/22/2016","5355","109.28","35.84","585194.4","191923.2","393271.2"
"653","Europe","Albania","Meat","Online","L","2/23/2010","528451669","4/7/2010","9447","421.89","364.69","3985594.83","3445226.43","540368.4"
"654","Sub-Saharan Africa","Chad","Fruits","Offline","M","1/11/2011","181345927","2/11/2011","3145","9.33","6.92","29342.85","21763.4","7579.45"
"656","Europe","Kosovo","Fruits","Online","C","1/24/2017","480174911","2/15/2017","3281","9.33","6.92","30611.73","22704.52","7907.21"
"657","Europe","Sweden","Baby Food","Online","L","6/20/2017","121519792","8/2/2017","9262","255.28","159.42","2364403.36","1476548.04","887855.32"
"658","Sub-Saharan Africa","Burundi","Beverages","Offline","H","12/28/2015","671612536","1/20/2016","3929","47.45","31.79","186431.05","124902.91","61528.14"
"660","Middle East and North Africa","Tunisia ","Office Supplies","Offline","M","5/22/2013","562299430","6/4/2013","5752","651.21","524.96","3745759.92","3019569.92","726190.0"
"661","Central America and the Caribbean","Jamaica","Beverages","Offline","L","1/12/2016","360803735","3/1/2016","8698","47.45","31.79","412720.1","276509.42","136210.68"
"663","Middle East and North Africa","Iran","Snacks","Online","M","4/22/2016","211253201","5/24/2016","3372","152.58","97.44","514499.76","328567.68","185932.08"
"664","Middle East and North Africa","Iraq","Household","Offline","L","9/24/2012","692983520","10/3/2012","8078","668.27","502.54","5398285.06","4059518.12","1338766.94"
"667","Sub-Saharan Africa","Ghana","Clothes","Offline","C","6/12/2017","769470250","7/10/2017","2201","109.28","35.84","240525.28","78883.84","161641.44"
"668","Central America and the Caribbean","Cuba","Baby Food","Online","C","5/21/2014","225352180","6/7/2014","5573","255.28","159.42","1422675.44","888447.66","534227.78"
"669","Middle East and North Africa","Algeria","Beverages","Online","H","5/8/2014","190519082","5/13/2014","7685","47.45","31.79","364653.25","244306.15","120347.1"
"670","Europe","Moldova ","Baby Food","Offline","C","5/31/2010","886894786","7/2/2010","731","255.28","159.42","186609.68","116536.02","70073.66"
"671","Middle East and North Africa","Tunisia ","Cosmetics","Offline","C","11/5/2011","356715619","12/24/2011","8934","437.2","263.33","3905944.8","2352590.22","1553354.58"
"672","Sub-Saharan Africa","Seychelles ","Clothes","Offline","H","1/23/2010","312530410","3/9/2010","3548","109.28","35.84","387725.44","127160.32","260565.12"
"673","Europe","Hungary","Office Supplies","Online","C","9/7/2012","287200486","9/29/2012","7861","651.21","524.96","5119161.81","4126710.56","992451.25"
"674","Europe","Belgium","Office Supplies","Online","L","1/13/2017","783899676","2/5/2017","2189","651.21","524.96","1425498.69","1149137.44","276361.25"
"676","Europe","Malta","Cereal","Offline","M","3/15/2014","307643210","3/15/2014","7317","205.7","117.11","1505106.9","856893.87","648213.03"
"678","Middle East and North Africa","Azerbaijan","Meat","Offline","M","8/15/2016","715401637","9/4/2016","2097","421.89","364.69","884703.33","764754.93","119948.4"
"679","Central America and the Caribbean","Barbados","Vegetables","Offline","C","6/10/2015","330791318","7/24/2015","7357","154.06","90.93","1133419.42","668972.01","464447.41"
"680","Sub-Saharan Africa","Burkina Faso","Fruits","Offline","C","12/13/2010","463815581","1/24/2011","2192","9.33","6.92","20451.36","15168.64","5282.72"
"681","Sub-Saharan Africa","Ethiopia","Meat","Online","C","9/22/2011","309835755","10/14/2011","6140","421.89","364.69","2590404.6","2239196.6","351208.0"
"682","Europe","Luxembourg","Meat","Offline","H","1/12/2016","934525668","2/14/2016","5767","421.89","364.69","2433039.63","2103167.23","329872.4"
"683","Middle East and North Africa","Lebanon","Office Supplies","Offline","H","8/22/2015","323871648","9/25/2015","9673","651.21","524.96","6299154.33","5077938.08","1221216.25"
"685","Sub-Saharan Africa","Democratic Republic of the Congo","Meat","Online","H","1/4/2011","742039620","1/24/2011","4868","421.89","364.69","2053760.52","1775310.92","278449.6"
"686","Europe","Romania","Clothes","Online","H","7/22/2014","794396770","8/8/2014","8512","109.28","35.84","930191.36","305070.08","625121.28"
"687","Europe","Greece","Snacks","Offline","C","10/31/2013","358480298","11/30/2013","1141","152.58","97.44","174093.78","111179.04","62914.74"
"688","Sub-Saharan Africa","Tanzania","Beverages","Offline","C","4/15/2017","471839034","4/27/2017","6510","47.45","31.79","308899.5","206952.9","101946.6"
"689","Europe","Malta","Office Supplies","Offline","L","9/19/2011","892334306","10/17/2011","406","651.21","524.96","264391.26","213133.76","51257.5"
"690","Sub-Saharan Africa","Djibouti","Fruits","Online","H","6/27/2011","548139941","7/29/2011","5644","9.33","6.92","52658.52","39056.48","13602.04"
"691","Europe","Portugal","Snacks","Offline","H","11/16/2016","687742269","12/26/2016","7075","152.58","97.44","1079503.5","689388.0","390115.5"
"692","Sub-Saharan Africa","Angola","Snacks","Offline","L","4/24/2010","829940116","5/1/2010","6578","152.58","97.44","1003671.24","640960.32","362710.92"
"693","Middle East and North Africa","Yemen","Personal Care","Offline","H","2/18/2013","113844811","2/21/2013","8064","81.73","56.67","659070.72","456986.88","202083.84"
"694","Central America and the Caribbean","Guatemala","Office Supplies","Online","M","9/6/2013","448880183","10/10/2013","2476","651.21","524.96","1612395.96","1299800.96","312595.0"
"695","Sub-Saharan Africa","Togo","Household","Offline","C","6/29/2016","664782559","7/19/2016","2787","668.27","502.54","1862468.49","1400578.98","461889.51"
"696","Sub-Saharan Africa","Ethiopia","Meat","Offline","L","10/28/2015","561600768","11/16/2015","9002","421.89","364.69","3797853.78","3282939.38","514914.4"
"697","Central America and the Caribbean","Saint Vincent and the Grenadines","Baby Food","Online","C","7/23/2014","459696137","7/26/2014","3157","255.28","159.42","805918.96","503288.94","302630.02"
"698","Europe","Sweden","Office Supplies","Online","C","11/11/2012","749742496","12/14/2012","4320","651.21","524.96","2813227.2","2267827.2","545400.0"
"700","Central America and the Caribbean","Antigua and Barbuda ","Cereal","Offline","C","5/23/2010","819945991","5/29/2010","9094","205.7","117.11","1870635.8","1064998.34","805637.46"
"701","Australia and Oceania","Tonga","Cereal","Offline","L","4/9/2015","383013284","5/16/2015","997","205.7","117.11","205082.9","116758.67","88324.23"
"702","Sub-Saharan Africa","Mozambique","Vegetables","Online","L","11/22/2015","803851878","12/27/2015","6489","154.06","90.93","999695.34","590044.77","409650.57"
"703","Europe","Macedonia","Vegetables","Online","M","3/3/2010","574698102","3/29/2010","4794","154.06","90.93","738563.64","435918.42","302645.22"
"704","Europe","Slovenia","Clothes","Offline","M","1/9/2016","958100783","2/3/2016","2168","109.28","35.84","236919.04","77701.12","159217.92"
"705","Sub-Saharan Africa","Botswana","Baby Food","Offline","M","7/25/2014","136921250","8/4/2014","6896","255.28","159.42","1760410.88","1099360.32","661050.56"
"706","Australia and Oceania","Solomon Islands","Personal Care","Online","L","6/26/2014","864333331","8/13/2014","4295","81.73","56.67","351030.35","243397.65","107632.7"
"707","Europe","Bulgaria","Clothes","Offline","H","5/20/2010","113823354","6/6/2010","1715","109.28","35.84","187415.2","61465.6","125949.6"
"708","Australia and Oceania","Palau","Snacks","Offline","H","11/11/2016","329190146","12/16/2016","3535","152.58","97.44","539370.3","344450.4","194919.9"
"710","Europe","Hungary","Vegetables","Offline","C","7/3/2015","284311854","8/3/2015","3051","154.06","90.93","470037.06","277427.43","192609.63"
"711","Middle East and North Africa","Egypt","Clothes","Online","M","11/25/2011","313226926","12/5/2011","9663","109.28","35.84","1055972.64","346321.92","709650.72"
"712","Europe","Ireland","Meat","Offline","H","3/16/2012","986339080","4/28/2012","8507","421.89","364.69","3589018.23","3102417.83","486600.4"
"713","Sub-Saharan Africa","Eritrea","Cosmetics","Online","L","8/19/2013","149009644","8/31/2013","4120","437.2","263.33","1801264.0","1084919.6","716344.4"
"714","Europe","Lithuania","Household","Offline","L","9/1/2010","216912448","10/12/2010","8068","668.27","502.54","5391602.36","4054492.72","1337109.64"
"715","Europe","Liechtenstein","Household","Online","L","1/3/2014","526033818","1/17/2014","3951","668.27","502.54","2640334.77","1985535.54","654799.23"
"717","Australia and Oceania","Kiribati","Snacks","Online","H","12/27/2011","913440072","12/31/2011","6071","152.58","97.44","926313.18","591558.24","334754.94"
"718","Europe","Spain","Baby Food","Offline","L","5/31/2014","915260112","7/5/2014","4661","255.28","159.42","1189860.08","743056.62","446803.46"
"719","Europe","Lithuania","Household","Online","M","1/1/2016","105369031","2/6/2016","9893","668.27","502.54","6611195.11","4971628.22","1639566.89"
"720","Central America and the Caribbean","Trinidad and Tobago","Vegetables","Offline","L","11/3/2013","871315658","12/7/2013","521","154.06","90.93","80265.26","47374.53","32890.73"
"723","Central America and the Caribbean","Grenada","Baby Food","Online","H","3/3/2017","204357564","4/5/2017","2799","255.28","159.42","714528.72","446216.58","268312.14"
"724","Europe","Denmark","Cereal","Offline","C","2/20/2011","605393302","3/25/2011","8186","205.7","117.11","1683860.2","958662.46","725197.74"
"725","Sub-Saharan Africa","Burkina Faso","Office Supplies","Online","H","5/11/2010","724698388","5/25/2010","3212","651.21","524.96","2091686.52","1686171.52","405515.0"
"726","Europe","Norway","Cosmetics","Online","C","7/8/2014","221696650","7/18/2014","3820","437.2","263.33","1670104.0","1005920.6","664183.4"
"727","Europe","Italy","Clothes","Online","L","10/19/2016","176124417","11/2/2016","7984","109.28","35.84","872491.52","286146.56","586344.96"
"728","Central America and the Caribbean","Costa Rica","Cosmetics","Online","L","3/31/2015","838030517","4/11/2015","708","437.2","263.33","309537.6","186437.64","123099.96"
"731","Middle East and North Africa","Bahrain","Vegetables","Online","C","3/8/2014","273794591","4/15/2014","759","154.06","90.93","116931.54","69015.87","47915.67"
"732","Sub-Saharan Africa","Liberia","Baby Food","Online","C","4/20/2010","922352302","5/17/2010","3398","255.28","159.42","867441.44","541709.16","325732.28"
"733","Central America and the Caribbean","Dominica","Personal Care","Online","H","4/22/2016","533319985","5/17/2016","90","81.73","56.67","7355.7","5100.3","2255.4"
"734","Europe","Slovakia","Meat","Online","H","2/16/2010","228621470","3/6/2010","3028","421.89","364.69","1277482.92","1104281.32","173201.6"
"735","Europe","Finland","Snacks","Offline","H","3/8/2016","750493085","3/17/2016","6436","152.58","97.44","982004.88","627123.84","354881.04"
"736","Europe","Kosovo","Household","Offline","M","9/28/2010","211483657","11/5/2010","1569","668.27","502.54","1048515.63","788485.26","260030.37"
"737","Sub-Saharan Africa","Eritrea","Beverages","Offline","M","7/25/2016","844454514","7/30/2016","1711","47.45","31.79","81186.95","54392.69","26794.26"
"738","Australia and Oceania","East Timor","Personal Care","Offline","M","11/2/2015","452579486","11/6/2015","7182","81.73","56.67","586984.86","407003.94","179980.92"
"739","Europe","Estonia","Meat","Offline","H","7/9/2014","959344899","8/17/2014","329","421.89","364.69","138801.81","119983.01","18818.8"
"740","Sub-Saharan Africa","Guinea","Office Supplies","Online","L","11/9/2015","758549582","11/10/2015","533","651.21","524.96","347094.93","279803.68","67291.25"
"741","Sub-Saharan Africa","Zimbabwe","Baby Food","Offline","C","8/2/2016","564304864","9/19/2016","9204","255.28","159.42","2349597.12","1467301.68","882295.44"
"742","Sub-Saharan Africa","Sao Tome and Principe","Beverages","Online","M","9/19/2010","261034572","10/12/2010","4785","47.45","31.79","227048.25","152115.15","74933.1"
"743","North America","Mexico","Personal Care","Online","M","1/19/2016","253475034","2/22/2016","7750","81.73","56.67","633407.5","439192.5","194215.0"
"744","Europe","Finland","Personal Care","Offline","L","5/14/2017","116675078","6/9/2017","5603","81.73","56.67","457933.19","317522.01","140411.18"
"745","Europe","Sweden","Cereal","Offline","H","8/30/2015","845996034","9/8/2015","7881","205.7","117.11","1621121.7","922943.91","698177.79"
"746","Sub-Saharan Africa","Botswana","Household","Online","C","10/13/2016","807111728","11/12/2016","1151","668.27","502.54","769178.77","578423.54","190755.23"
"747","Europe","Hungary","Fruits","Online","M","6/29/2012","686008489","6/29/2012","4011","9.33","6.92","37422.63","27756.12","9666.51"
"748","Europe","Ukraine","Fruits","Online","H","7/23/2014","338985145","8/10/2014","2092","9.33","6.92","19518.36","14476.64","5041.72"
"749","Australia and Oceania","Australia","Office Supplies","Online","L","1/31/2013","142653024","3/19/2013","3055","651.21","524.96","1989446.55","1603752.8","385693.75"
"750","Sub-Saharan Africa","Liberia","Baby Food","Online","C","8/9/2010","543935954","9/13/2010","1591","255.28","159.42","406150.48","253637.22","152513.26"
"751","Middle East and North Africa","Pakistan","Clothes","Offline","M","9/19/2010","710070264","11/7/2010","4425","109.28","35.84","483564.0","158592.0","324972.0"
"752","Sub-Saharan Africa","Cameroon","Household","Offline","H","4/19/2014","778604781","5/27/2014","5312","668.27","502.54","3549850.24","2669492.48","880357.76"
"753","Central America and the Caribbean","Belize","Cosmetics","Offline","L","9/19/2015","507400834","10/8/2015","37","437.2","263.33","16176.4","9743.21","6433.19"
"754","Central America and the Caribbean","Jamaica","Fruits","Offline","C","3/10/2014","624632251","4/25/2014","1419","9.33","6.92","13239.27","9819.48","3419.79"
"755","Europe","Switzerland","Vegetables","Online","M","1/2/2010","578785359","2/5/2010","4305","154.06","90.93","663228.3","391453.65","271774.65"
"756","Europe","Albania","Baby Food","Online","C","11/15/2015","788658988","12/26/2015","575","255.28","159.42","146786.0","91666.5","55119.5"
"757","Sub-Saharan Africa","Sao Tome and Principe","Household","Online","H","4/9/2015","393364465","5/12/2015","4141","668.27","502.54","2767306.07","2081018.14","686287.93"
"758","Central America and the Caribbean","Barbados","Household","Online","M","9/7/2011","402325618","9/25/2011","5946","668.27","502.54","3973533.42","2988102.84","985430.58"
"759","Central America and the Caribbean","Saint Kitts and Nevis ","Cosmetics","Online","L","3/22/2017","545278775","4/7/2017","8962","437.2","263.33","3918186.4","2359963.46","1558222.94"
"760","Sub-Saharan Africa","Botswana","Household","Online","M","12/31/2010","622272765","2/5/2011","3194","668.27","502.54","2134454.38","1605112.76","529341.62"
"761","Middle East and North Africa","Iran","Beverages","Offline","M","1/16/2011","953668916","3/5/2011","680","47.45","31.79","32266.0","21617.2","10648.8"
"764","Europe","Belgium","Household","Offline","M","2/11/2014","532571113","3/13/2014","8482","668.27","502.54","5668266.14","4262544.28","1405721.86"
"765","Australia and Oceania","Federated States of Micronesia","Vegetables","Online","H","6/18/2017","641439187","7/8/2017","4964","154.06","90.93","764753.84","451376.52","313377.32"
"766","Europe","Macedonia","Meat","Offline","M","11/4/2015","961203563","12/9/2015","349","421.89","364.69","147239.61","127276.81","19962.8"
"768","Central America and the Caribbean","Antigua and Barbuda ","Vegetables","Online","M","12/8/2016","772679030","1/10/2017","1751","154.06","90.93","269759.06","159218.43","110540.63"
"769","Central America and the Caribbean","Cuba","Cereal","Online","L","2/9/2011","609800279","2/17/2011","2308","205.7","117.11","474755.6","270289.88","204465.72"
"772","Sub-Saharan Africa","Nigeria","Snacks","Offline","H","3/8/2011","695721518","3/8/2011","8313","152.58","97.44","1268397.54","810018.72","458378.82"
"773","Europe","Russia","Vegetables","Offline","C","12/26/2013","211877191","1/15/2014","8024","154.06","90.93","1236177.44","729622.32","506555.12"
"774","Central America and the Caribbean","El Salvador","Vegetables","Offline","L","5/29/2017","645569789","7/15/2017","7301","154.06","90.93","1124792.06","663879.93","460912.13"
"775","Sub-Saharan Africa","Burkina Faso","Household","Offline","M","9/29/2012","151535642","10/12/2012","1619","668.27","502.54","1081929.13","813612.26","268316.87"
"776","Central America and the Caribbean","Costa Rica","Office Supplies","Offline","L","4/15/2011","554823577","5/26/2011","3481","651.21","524.96","2266862.01","1827385.76","439476.25"
"778","Middle East and North Africa","Lebanon","Office Supplies","Offline","C","8/28/2011","905123507","8/30/2011","5015","651.21","524.96","3265818.15","2632674.4","633143.75"
"780","Middle East and North Africa","Algeria","Vegetables","Offline","H","7/16/2016","603110206","7/29/2016","2567","154.06","90.93","395472.02","233417.31","162054.71"
"781","Sub-Saharan Africa","Botswana","Vegetables","Offline","H","4/20/2014","229678475","6/5/2014","5820","154.06","90.93","896629.2","529212.6","367416.6"
"782","Europe","Georgia","Beverages","Online","H","9/13/2010","580424296","9/30/2010","9302","47.45","31.79","441379.9","295710.58","145669.32"
"783","Sub-Saharan Africa","Madagascar","Cosmetics","Offline","L","2/14/2013","372583997","3/4/2013","4739","437.2","263.33","2071890.8","1247920.87","823969.93"
"784","Australia and Oceania","Tonga","Household","Offline","M","2/1/2011","193706405","2/24/2011","885","668.27","502.54","591418.95","444747.9","146671.05"
"785","Sub-Saharan Africa","Lesotho","Meat","Offline","L","4/27/2010","251652848","5/22/2010","8525","421.89","364.69","3596612.25","3108982.25","487630.0"
"786","Europe","Romania","Baby Food","Online","M","10/28/2013","824597156","10/28/2013","5478","255.28","159.42","1398423.84","873302.76","525121.08"
"787","Middle East and North Africa","Iraq","Cereal","Online","H","7/14/2010","911025655","8/25/2010","1591","205.7","117.11","327268.7","186322.01","140946.69"
"788","Europe","San Marino","Snacks","Offline","L","12/7/2016","479737174","1/6/2017","3745","152.58","97.44","571412.1","364912.8","206499.3"
"789","Sub-Saharan Africa","Liberia","Cereal","Offline","L","9/23/2012","919843041","10/1/2012","852","205.7","117.11","175256.4","99777.72","75478.68"
"790","Australia and Oceania","Marshall Islands","Beverages","Offline","M","10/2/2012","990767085","10/10/2012","8852","47.45","31.79","420027.4","281405.08","138622.32"
"791","Central America and the Caribbean","Trinidad and Tobago","Beverages","Offline","C","3/12/2010","872245633","4/6/2010","5721","47.45","31.79","271461.45","181870.59","89590.86"
"794","Middle East and North Africa","Israel","Beverages","Online","M","5/6/2014","432059085","5/6/2014","4739","47.45","31.79","224865.55","150652.81","74212.74"
"795","Central America and the Caribbean","Nicaragua","Cereal","Online","H","5/24/2011","509368932","6/18/2011","2441","205.7","117.11","502113.7","285865.51","216248.19"
"798","Central America and the Caribbean","Guatemala","Fruits","Online","M","4/26/2010","301598155","5/29/2010","8451","9.33","6.92","78847.83","58480.92","20366.91"
"799","Europe","Spain","Personal Care","Online","L","6/3/2013","975520551","7/22/2013","7064","81.73","56.67","577340.72","400316.88","177023.84"
"800","Australia and Oceania","Solomon Islands","Clothes","Online","H","11/22/2011","841686904","12/1/2011","2714","109.28","35.84","296585.92","97269.76","199316.16"
"801","Middle East and North Africa","Iraq","Personal Care","Offline","M","5/6/2013","332958543","5/24/2013","8687","81.73","56.67","709988.51","492292.29","217696.22"
"802","Central America and the Caribbean","Haiti","Baby Food","Offline","L","2/9/2015","852509295","2/23/2015","5300","255.28","159.42","1352984.0","844926.0","508058.0"
"803","Sub-Saharan Africa","Burundi","Beverages","Offline","L","7/29/2015","723825490","8/3/2015","4902","47.45","31.79","232599.9","155834.58","76765.32"
"804","Middle East and North Africa","Iraq","Baby Food","Offline","M","5/31/2010","140705955","7/1/2010","6874","255.28","159.42","1754794.72","1095853.08","658941.64"
"805","Sub-Saharan Africa","Madagascar","Baby Food","Offline","C","7/3/2011","717262017","8/22/2011","2625","255.28","159.42","670110.0","418477.5","251632.5"
"806","Central America and the Caribbean","Guatemala","Meat","Online","L","11/10/2012","537917506","11/13/2012","599","421.89","364.69","252712.11","218449.31","34262.8"
"807","Central America and the Caribbean","Costa Rica","Baby Food","Offline","C","2/18/2017","907408750","2/18/2017","1268","255.28","159.42","323695.04","202144.56","121550.48"
"809","Europe","Czech Republic","Beverages","Online","L","7/2/2012","313406312","7/26/2012","2747","47.45","31.79","130345.15","87327.13","43018.02"
"810","Australia and Oceania","Tuvalu","Beverages","Online","C","6/8/2010","510947787","6/14/2010","9659","47.45","31.79","458319.55","307059.61","151259.94"
"811","Central America and the Caribbean","El Salvador","Fruits","Online","C","5/24/2017","879395329","7/8/2017","1475","9.33","6.92","13761.75","10207.0","3554.75"
"813","Middle East and North Africa","Israel","Personal Care","Offline","H","8/20/2015","274516427","8/21/2015","4366","81.73","56.67","356833.18","247421.22","109411.96"
"814","Middle East and North Africa","Iraq","Meat","Offline","H","9/12/2014","124725139","10/14/2014","7795","421.89","364.69","3288632.55","2842758.55","445874.0"
"816","North America","United States of America","Personal Care","Offline","L","10/12/2011","916620528","11/22/2011","7238","81.73","56.67","591561.74","410177.46","181384.28"
"817","Sub-Saharan Africa","Guinea","Cosmetics","Offline","C","8/12/2012","853717362","9/19/2012","2794","437.2","263.33","1221536.8","735744.02","485792.78"
"818","Central America and the Caribbean","Costa Rica","Meat","Online","L","5/14/2017","532374560","6/20/2017","318","421.89","364.69","134161.02","115971.42","18189.6"
"819","Central America and the Caribbean","Honduras","Baby Food","Online","H","3/7/2011","301078450","3/14/2011","4659","255.28","159.42","1189349.52","742737.78","446611.74"
"820","Australia and Oceania","Federated States of Micronesia","Office Supplies","Online","M","5/1/2014","578627860","5/3/2014","7697","651.21","524.96","5012363.37","4040617.12","971746.25"
"821","Europe","Slovenia","Beverages","Offline","L","4/22/2010","504134118","6/3/2010","3343","47.45","31.79","158625.35","106273.97","52351.38"
"822","Central America and the Caribbean","Dominica","Cereal","Online","M","2/26/2010","187021052","3/29/2010","2540","205.7","117.11","522478.0","297459.4","225018.6"
"823","Europe","Montenegro","Beverages","Offline","L","11/8/2010","257024991","12/19/2010","8261","47.45","31.79","391984.45","262617.19","129367.26"
"824","Sub-Saharan Africa","Benin","Beverages","Online","H","3/22/2014","514194762","4/21/2014","512","47.45","31.79","24294.4","16276.48","8017.92"
"825","Sub-Saharan Africa","The Gambia","Cereal","Online","M","7/28/2015","378891694","8/17/2015","1327","205.7","117.11","272963.9","155404.97","117558.93"
"826","Central America and the Caribbean","Haiti","Office Supplies","Online","M","1/28/2015","241789615","2/17/2015","9775","651.21","524.96","6365577.75","5131484.0","1234093.75"
"829","Australia and Oceania","Samoa ","Clothes","Offline","H","7/23/2012","731115090","8/24/2012","2057","109.28","35.84","224788.96","73722.88","151066.08"
"831","Sub-Saharan Africa","Cote d'Ivoire","Baby Food","Online","M","3/21/2012","124753034","3/24/2012","6050","255.28","159.42","1544444.0","964491.0","579953.0"
"832","Sub-Saharan Africa","Burkina Faso","Baby Food","Online","C","10/2/2010","418507277","10/20/2010","4458","255.28","159.42","1138038.24","710694.36","427343.88"
"833","North America","United States of America","Vegetables","Offline","H","9/13/2015","913929307","10/17/2015","846","154.06","90.93","130334.76","76926.78","53407.98"
"834","Europe","Germany","Office Supplies","Offline","C","1/10/2013","764192950","1/28/2013","531","651.21","524.96","345792.51","278753.76","67038.75"
"836","Sub-Saharan Africa","Kenya","Baby Food","Online","M","7/18/2013","893502891","8/31/2013","6216","255.28","159.42","1586820.48","990954.72","595865.76"
"837","Sub-Saharan Africa","Sudan","Beverages","Online","M","9/16/2016","280459344","10/21/2016","3007","47.45","31.79","142682.15","95592.53","47089.62"
"838","Sub-Saharan Africa","Sudan","Meat","Offline","L","3/19/2012","838077723","4/30/2012","4677","421.89","364.69","1973179.53","1705655.13","267524.4"
"839","Middle East and North Africa","Syria","Household","Offline","C","1/25/2014","721094357","3/12/2014","6700","668.27","502.54","4477409.0","3367018.0","1110391.0"
"840","Sub-Saharan Africa","Namibia","Meat","Online","M","11/3/2010","854558074","11/20/2010","1579","421.89","364.69","666164.31","575845.51","90318.8"
"841","Europe","Italy","Clothes","Offline","C","11/20/2014","883830201","1/2/2015","3852","109.28","35.84","420946.56","138055.68","282890.88"
"843","Sub-Saharan Africa","Senegal","Clothes","Offline","L","3/27/2016","912807500","3/29/2016","8879","109.28","35.84","970297.12","318223.36","652073.76"
"844","Middle East and North Africa","Pakistan","Snacks","Offline","C","1/25/2017","554797828","3/14/2017","5861","152.58","97.44","894271.38","571095.84","323175.54"
"845","Europe","Portugal","Cereal","Online","L","1/31/2017","277166879","2/14/2017","8694","205.7","117.11","1788355.8","1018154.34","770201.46"
"846","Europe","Albania","Baby Food","Offline","H","1/12/2015","976838481","2/9/2015","7069","255.28","159.42","1804574.32","1126939.98","677634.34"
"847","Middle East and North Africa","Tunisia ","Beverages","Offline","H","9/19/2010","471048963","10/17/2010","2711","47.45","31.79","128636.95","86182.69","42454.26"
"848","Europe","Iceland","Cosmetics","Online","L","5/18/2016","247347152","6/28/2016","4374","437.2","263.33","1912312.8","1151805.42","760507.38"
"849","Europe","United Kingdom","Cereal","Offline","M","1/10/2015","513594377","1/17/2015","2844","205.7","117.11","585010.8","333060.84","251949.96"
"850","Australia and Oceania","Nauru","Snacks","Offline","C","3/28/2017","647964465","4/3/2017","5939","152.58","97.44","906172.62","578696.16","327476.46"
"851","Sub-Saharan Africa","Mozambique","Vegetables","Online","M","12/11/2011","548943746","1/9/2012","3508","154.06","90.93","540442.48","318982.44","221460.04"
"852","Sub-Saharan Africa","Burundi","Clothes","Offline","C","8/19/2015","185331046","8/25/2015","2430","109.28","35.84","265550.4","87091.2","178459.2"
"853","Australia and Oceania","Palau","Baby Food","Online","L","7/29/2015","946237695","8/29/2015","1616","255.28","159.42","412532.48","257622.72","154909.76"
"854","Europe","Slovenia","Beverages","Offline","H","6/19/2011","691087520","7/24/2011","7009","47.45","31.79","332577.05","222816.11","109760.94"
"855","Australia and Oceania","Tuvalu","Fruits","Offline","L","8/19/2011","499616849","9/2/2011","6583","9.33","6.92","61419.39","45554.36","15865.03"
"856","Central America and the Caribbean","The Bahamas","Snacks","Online","M","2/11/2014","621874511","2/11/2014","5342","152.58","97.44","815082.36","520524.48","294557.88"
"857","Middle East and North Africa","Lebanon","Cereal","Online","H","6/11/2010","928221833","7/23/2010","322","205.7","117.11","66235.4","37709.42","28525.98"
"858","Europe","Bosnia and Herzegovina","Household","Offline","C","2/20/2012","459332644","3/13/2012","5592","668.27","502.54","3736965.84","2810203.68","926762.16"
"859","Middle East and North Africa","Algeria","Baby Food","Online","L","8/25/2016","576193273","10/5/2016","7249","255.28","159.42","1850524.72","1155635.58","694889.14"
"860","Europe","Lithuania","Meat","Offline","L","2/14/2011","910102546","3/18/2011","8423","421.89","364.69","3553579.47","3071783.87","481795.6"
"861","Central America and the Caribbean","Saint Kitts and Nevis ","Office Supplies","Offline","H","1/25/2014","712671792","3/14/2014","4275","651.21","524.96","2783922.75","2244204.0","539718.75"
"862","Sub-Saharan Africa","Madagascar","Cosmetics","Online","H","12/24/2010","205824840","1/19/2011","6999","437.2","263.33","3059962.8","1843046.67","1216916.13"
"863","Sub-Saharan Africa","Republic of the Congo","Personal Care","Online","L","2/19/2011","131798017","3/7/2011","817","81.73","56.67","66773.41","46299.39","20474.02"
"864","Central America and the Caribbean","Saint Kitts and Nevis ","Cereal","Online","H","7/7/2013","403140151","7/16/2013","6984","205.7","117.11","1436608.8","817896.24","618712.56"
"865","Sub-Saharan Africa","Burundi","Office Supplies","Online","M","8/7/2010","552712571","8/14/2010","8787","651.21","524.96","5722182.27","4612823.52","1109358.75"
"866","Europe","Greece","Personal Care","Offline","H","11/8/2014","183689105","11/10/2014","6543","81.73","56.67","534759.39","370791.81","163967.58"
"919","Europe","Italy","Snacks","Online","L","7/18/2013","858238065","8/18/2013","570","152.58","97.44","86970.6","55540.8","31429.8"
"868","Central America and the Caribbean","Saint Vincent and the Grenadines","Clothes","Online","M","1/4/2013","254112327","2/12/2013","6339","109.28","35.84","692725.92","227189.76","465536.16"
"869","Sub-Saharan Africa","Equatorial Guinea","Cosmetics","Online","H","6/19/2014","701469171","7/17/2014","9171","437.2","263.33","4009561.2","2414999.43","1594561.77"
"870","Europe","Malta","Vegetables","Online","M","6/23/2015","646050441","7/4/2015","9537","154.06","90.93","1469270.22","867199.41","602070.81"
"871","Sub-Saharan Africa","Burkina Faso","Household","Offline","H","2/13/2011","492592465","4/1/2011","7912","668.27","502.54","5287352.24","3976096.48","1311255.76"
"872","Sub-Saharan Africa","Senegal","Clothes","Online","H","6/22/2016","716144073","7/21/2016","1800","109.28","35.84","196704.0","64512.0","132192.0"
"873","Middle East and North Africa","Morocco","Beverages","Online","M","5/22/2017","512066590","6/9/2017","738","47.45","31.79","35018.1","23461.02","11557.08"
"874","Europe","Iceland","Office Supplies","Offline","M","2/19/2012","946033847","2/29/2012","1293","651.21","524.96","842014.53","678773.28","163241.25"
"875","Sub-Saharan Africa","Swaziland","Meat","Offline","L","3/13/2015","904032170","3/30/2015","2064","421.89","364.69","870780.96","752720.16","118060.8"
"876","Sub-Saharan Africa","Angola","Vegetables","Online","M","8/14/2015","242360389","9/21/2015","8680","154.06","90.93","1337240.8","789272.4","547968.4"
"877","Europe","Switzerland","Beverages","Offline","H","1/31/2011","237629830","3/6/2011","8802","47.45","31.79","417654.9","279815.58","137839.32"
"878","Central America and the Caribbean","Nicaragua","Fruits","Online","C","9/11/2011","436764323","9/17/2011","7124","9.33","6.92","66466.92","49298.08","17168.84"
"880","Europe","Romania","Household","Online","M","4/23/2017","885886275","5/16/2017","2290","668.27","502.54","1530338.3","1150816.6","379521.7"
"882","Central America and the Caribbean","Dominican Republic","Beverages","Online","H","6/11/2013","271366870","6/18/2013","2342","47.45","31.79","111127.9","74452.18","36675.72"
"883","Sub-Saharan Africa","Madagascar","Beverages","Online","H","10/28/2012","754621541","11/5/2012","8138","47.45","31.79","386148.1","258707.02","127441.08"
"884","Sub-Saharan Africa","Burundi","Beverages","Offline","H","4/6/2013","199846732","5/18/2013","7944","47.45","31.79","376942.8","252539.76","124403.04"
"885","Middle East and North Africa","Lebanon","Office Supplies","Online","H","5/21/2013","446153771","6/17/2013","5670","651.21","524.96","3692360.7","2976523.2","715837.5"
"886","Sub-Saharan Africa","Benin","Household","Online","C","9/4/2016","702966487","9/25/2016","2260","668.27","502.54","1510290.2","1135740.4","374549.8"
"887","Europe","Bosnia and Herzegovina","Beverages","Online","C","7/12/2012","700021207","8/25/2012","686","47.45","31.79","32550.7","21807.94","10742.76"
"888","Sub-Saharan Africa","Democratic Republic of the Congo","Office Supplies","Offline","L","5/5/2010","237366759","5/7/2010","954","651.21","524.96","621254.34","500811.84","120442.5"
"889","Europe","Lithuania","Vegetables","Online","L","1/1/2013","535364472","1/21/2013","5099","154.06","90.93","785551.94","463652.07","321899.87"
"890","Middle East and North Africa","United Arab Emirates","Household","Online","M","2/8/2013","184688174","2/14/2013","2190","668.27","502.54","1463511.3","1100562.6","362948.7"
"892","Australia and Oceania","Samoa ","Office Supplies","Offline","L","5/31/2015","351571357","6/13/2015","6632","651.21","524.96","4318824.72","3481534.72","837290.0"
"894","Sub-Saharan Africa","Lesotho","Fruits","Offline","C","3/3/2017","769656932","3/23/2017","7444","9.33","6.92","69452.52","51512.48","17940.04"
"895","Europe","Russia","Personal Care","Offline","C","3/3/2010","996655499","4/7/2010","1365","81.73","56.67","111561.45","77354.55","34206.9"
"896","Sub-Saharan Africa","Seychelles ","Beverages","Online","M","8/11/2012","795585525","9/12/2012","291","47.45","31.79","13807.95","9250.89","4557.06"
"897","Central America and the Caribbean","Cuba","Clothes","Online","H","3/10/2013","149308335","4/17/2013","2509","109.28","35.84","274183.52","89922.56","184260.96"
"898","Central America and the Caribbean","Saint Kitts and Nevis ","Personal Care","Online","C","1/4/2013","910997760","1/24/2013","3336","81.73","56.67","272651.28","189051.12","83600.16"
"899","Australia and Oceania","Marshall Islands","Household","Online","H","4/4/2014","954140126","4/10/2014","121","668.27","502.54","80860.67","60807.34","20053.33"
"900","Sub-Saharan Africa","Lesotho","Vegetables","Online","H","5/20/2016","922534263","6/4/2016","7244","154.06","90.93","1116010.64","658696.92","457313.72"
"901","Europe","Germany","Household","Offline","M","5/3/2012","180291497","5/31/2012","1115","668.27","502.54","745121.05","560332.1","184788.95"
"902","Middle East and North Africa","Qatar","Beverages","Offline","C","1/25/2015","861835658","2/8/2015","5178","47.45","31.79","245696.1","164608.62","81087.48"
"903","Sub-Saharan Africa","South Sudan","Beverages","Offline","L","11/11/2015","221903073","11/16/2015","4905","47.45","31.79","232742.25","155929.95","76812.3"
"904","Middle East and North Africa","Afghanistan","Snacks","Online","L","11/13/2010","985542571","12/5/2010","2803","152.58","97.44","427681.74","273124.32","154557.42"
"905","Sub-Saharan Africa","Malawi","Vegetables","Offline","M","6/8/2012","998115479","7/28/2012","3406","154.06","90.93","524728.36","309707.58","215020.78"
"906","Australia and Oceania","Papua New Guinea","Office Supplies","Online","L","1/20/2015","875295627","1/30/2015","8282","651.21","524.96","5393321.22","4347718.72","1045602.5"
"907","Sub-Saharan Africa","Burundi","Personal Care","Online","H","4/10/2014","853069341","5/19/2014","1030","81.73","56.67","84181.9","58370.1","25811.8"
"908","Europe","Germany","Personal Care","Offline","C","7/2/2010","337735450","7/12/2010","2280","81.73","56.67","186344.4","129207.6","57136.8"
"909","Europe","Cyprus","Baby Food","Offline","H","10/8/2012","155905282","10/18/2012","4692","255.28","159.42","1197773.76","747998.64","449775.12"
"910","Middle East and North Africa","Turkey","Fruits","Offline","M","4/5/2012","304502665","4/21/2012","7960","9.33","6.92","74266.8","55083.2","19183.6"
"911","Sub-Saharan Africa","Ghana","Clothes","Offline","H","5/10/2016","400763928","5/26/2016","3807","109.28","35.84","416028.96","136442.88","279586.08"
"912","Sub-Saharan Africa","Namibia","Beverages","Online","H","7/28/2014","132237899","9/3/2014","988","47.45","31.79","46880.6","31408.52","15472.08"
"913","Europe","Croatia","Snacks","Offline","L","8/20/2012","606785905","9/7/2012","288","152.58","97.44","43943.04","28062.72","15880.32"
"914","Europe","Spain","Clothes","Offline","C","7/21/2013","302581775","8/31/2013","9526","109.28","35.84","1041001.28","341411.84","699589.44"
"915","North America","Canada","Clothes","Offline","H","10/29/2013","918111836","12/12/2013","8550","109.28","35.84","934344.0","306432.0","627912.0"
"916","Australia and Oceania","Nauru","Beverages","Online","M","10/19/2014","622174918","10/28/2014","4239","47.45","31.79","201140.55","134757.81","66382.74"
"917","Middle East and North Africa","Lebanon","Cereal","Online","C","4/27/2011","803882348","5/28/2011","5506","205.7","117.11","1132584.2","644807.66","487776.54"
"920","Middle East and North Africa","Afghanistan","Beverages","Online","M","6/22/2010","260671508","7/30/2010","7347","47.45","31.79","348615.15","233561.13","115054.02"
"921","Europe","Ireland","Beverages","Offline","H","9/7/2015","100319612","9/13/2015","5657","47.45","31.79","268424.65","179836.03","88588.62"
"922","Europe","Slovakia","Meat","Online","C","5/28/2010","317856204","6/19/2010","9569","421.89","364.69","4037065.41","3489718.61","547346.8"
"923","Sub-Saharan Africa","Eritrea","Cereal","Offline","M","10/21/2014","474267613","11/24/2014","5181","205.7","117.11","1065731.7","606746.91","458984.79"
"924","Sub-Saharan Africa","Mauritania","Cereal","Online","M","1/12/2016","200852668","2/8/2016","5623","205.7","117.11","1156651.1","658509.53","498141.57"
"925","Middle East and North Africa","United Arab Emirates","Household","Online","H","6/12/2017","549222695","6/13/2017","6055","668.27","502.54","4046374.85","3042879.7","1003495.15"
"927","Australia and Oceania","Vanuatu","Snacks","Offline","L","11/22/2016","919325482","12/3/2016","7695","152.58","97.44","1174103.1","749800.8","424302.3"
"928","Europe","Georgia","Personal Care","Offline","L","8/13/2015","695843398","9/19/2015","4380","81.73","56.67","357977.4","248214.6","109762.8"
"929","Middle East and North Africa","Syria","Office Supplies","Online","H","11/25/2015","603716599","12/21/2015","2013","651.21","524.96","1310885.73","1056744.48","254141.25"
"930","Middle East and North Africa","Iraq","Office Supplies","Online","C","1/27/2015","246118915","2/15/2015","911","651.21","524.96","593252.31","478238.56","115013.75"
"931","Central America and the Caribbean","The Bahamas","Cosmetics","Online","M","7/13/2011","646536672","8/3/2011","3423","437.2","263.33","1496535.6","901378.59","595157.01"
"932","Middle East and North Africa","Israel","Clothes","Offline","L","2/1/2016","198768699","2/25/2016","8930","109.28","35.84","975870.4","320051.2","655819.2"
"933","Sub-Saharan Africa","Eritrea","Meat","Online","C","4/30/2010","516926324","6/5/2010","8841","421.89","364.69","3729929.49","3224224.29","505705.2"
"934","Europe","Bosnia and Herzegovina","Vegetables","Online","M","12/28/2010","585433375","2/15/2011","1600","154.06","90.93","246496.0","145488.0","101008.0"
"935","Sub-Saharan Africa","Nigeria","Meat","Online","M","2/24/2013","809026181","3/16/2013","7680","421.89","364.69","3240115.2","2800819.2","439296.0"
"936","Sub-Saharan Africa","Comoros","Household","Online","C","9/26/2016","762753570","11/13/2016","4586","668.27","502.54","3064686.22","2304648.44","760037.78"
"937","Middle East and North Africa","Algeria","Cereal","Offline","L","3/5/2015","541976869","4/14/2015","1854","205.7","117.11","381367.8","217121.94","164245.86"
"938","Sub-Saharan Africa","Mozambique","Cosmetics","Offline","C","4/22/2014","312369906","6/4/2014","6052","437.2","263.33","2645934.4","1593673.16","1052261.24"
"939","Middle East and North Africa","Somalia","Beverages","Online","C","6/21/2013","759919011","7/9/2013","5777","47.45","31.79","274118.65","183650.83","90467.82"
"940","Europe","Czech Republic","Household","Offline","H","11/9/2016","840923011","11/23/2016","6661","668.27","502.54","4451346.47","3347418.94","1103927.53"
"941","Sub-Saharan Africa","Tanzania","Office Supplies","Online","M","7/30/2014","931993234","9/13/2014","6364","651.21","524.96","4144300.44","3340845.44","803455.0"
"943","Middle East and North Africa","Egypt","Household","Online","C","10/13/2011","752340161","11/3/2011","3027","668.27","502.54","2022853.29","1521188.58","501664.71"
"944","Europe","Norway","Beverages","Online","L","9/27/2015","686402022","10/30/2015","467","47.45","31.79","22159.15","14845.93","7313.22"
"945","Europe","Greece","Household","Online","H","5/28/2015","140100419","6/6/2015","7682","668.27","502.54","5133650.14","3860512.28","1273137.86"
"946","Sub-Saharan Africa","Botswana","Meat","Online","L","7/27/2017","741609179","8/1/2017","7491","421.89","364.69","3160377.99","2731892.79","428485.2"
"948","Europe","Serbia","Household","Online","M","9/1/2012","552315604","9/10/2012","1316","668.27","502.54","879443.32","661342.64","218100.68"
"949","Australia and Oceania","Papua New Guinea","Baby Food","Online","H","12/10/2016","219423425","1/21/2017","1122","255.28","159.42","286424.16","178869.24","107554.92"
"950","Sub-Saharan Africa","Mauritania","Office Supplies","Offline","L","2/5/2016","150161921","3/16/2016","5104","651.21","524.96","3323775.84","2679395.84","644380.0"
"951","Middle East and North Africa","Saudi Arabia","Baby Food","Offline","L","9/5/2014","974267423","9/30/2014","6236","255.28","159.42","1591926.08","994143.12","597782.96"
"952","Sub-Saharan Africa","Niger","Cosmetics","Offline","H","7/6/2014","691788756","7/9/2014","4521","437.2","263.33","1976581.2","1190514.93","786066.27"
"954","Australia and Oceania","Samoa ","Cosmetics","Offline","C","8/11/2011","858836734","8/31/2011","7730","437.2","263.33","3379556.0","2035540.9","1344015.1"
"955","Middle East and North Africa","Iraq","Cereal","Offline","M","4/10/2010","810023534","5/21/2010","2819","205.7","117.11","579868.3","330133.09","249735.21"
"956","Sub-Saharan Africa","Zambia","Meat","Online","H","12/25/2012","457946479","1/16/2013","5395","421.89","364.69","2276096.55","1967502.55","308594.0"
"957","Middle East and North Africa","Oman","Cosmetics","Online","H","9/28/2011","404216897","11/7/2011","5617","437.2","263.33","2455752.4","1479124.61","976627.79"
"958","Central America and the Caribbean","Barbados","Beverages","Online","L","12/20/2010","420758616","12/24/2010","680","47.45","31.79","32266.0","21617.2","10648.8"
"959","Europe","Armenia","Vegetables","Online","C","3/1/2016","799807965","4/15/2016","9805","154.06","90.93","1510558.3","891568.65","618989.65"
"961","Sub-Saharan Africa","Botswana","Office Supplies","Online","M","2/25/2011","115937364","3/17/2011","7297","651.21","524.96","4751879.37","3830633.12","921246.25"
"962","Australia and Oceania","Tonga","Baby Food","Online","M","6/20/2013","889052569","6/20/2013","9267","255.28","159.42","2365679.76","1477345.14","888334.62"
"963","Australia and Oceania","Marshall Islands","Baby Food","Offline","C","6/30/2016","296745717","8/12/2016","2507","255.28","159.42","639986.96","399665.94","240321.02"
"964","Sub-Saharan Africa","Sao Tome and Principe","Beverages","Online","H","2/14/2012","782815635","2/29/2012","1397","47.45","31.79","66287.65","44410.63","21877.02"
"965","Sub-Saharan Africa","Tanzania","Household","Offline","L","1/5/2016","811373651","2/24/2016","2349","668.27","502.54","1569766.23","1180466.46","389299.77"
"966","Central America and the Caribbean","Saint Kitts and Nevis ","Meat","Offline","L","10/27/2010","716843593","11/11/2010","8804","421.89","364.69","3714319.56","3210730.76","503588.8"
"967","Central America and the Caribbean","Belize","Vegetables","Offline","L","7/23/2010","453961789","9/4/2010","6236","154.06","90.93","960718.16","567039.48","393678.68"
"968","North America","Canada","Vegetables","Offline","C","5/15/2011","947777068","5/20/2011","7151","154.06","90.93","1101683.06","650240.43","451442.63"
"969","Europe","Andorra","Cereal","Online","H","6/17/2010","943650758","7/23/2010","6084","205.7","117.11","1251478.8","712497.24","538981.56"
"970","Australia and Oceania","Marshall Islands","Household","Offline","C","6/18/2017","157256686","6/24/2017","4603","668.27","502.54","3076046.81","2313191.62","762855.19"
"971","Central America and the Caribbean","Barbados","Personal Care","Online","C","10/14/2012","624581182","10/17/2012","6306","81.73","56.67","515389.38","357361.02","158028.36"
"972","Central America and the Caribbean","The Bahamas","Personal Care","Offline","M","12/23/2011","851923072","12/23/2011","1823","81.73","56.67","148993.79","103309.41","45684.38"
"973","Middle East and North Africa","Saudi Arabia","Cereal","Online","H","7/3/2016","765893685","8/8/2016","3816","205.7","117.11","784951.2","446891.76","338059.44"
"974","Europe","Belgium","Clothes","Online","C","7/16/2017","363416850","8/18/2017","1977","109.28","35.84","216046.56","70855.68","145190.88"
"975","Europe","Finland","Snacks","Offline","H","11/24/2014","161728894","12/27/2014","8029","152.58","97.44","1225064.82","782345.76","442719.06"
"976","Europe","Finland","Snacks","Online","C","3/28/2013","748378646","4/7/2013","727","152.58","97.44","110925.66","70838.88","40086.78"
"977","Middle East and North Africa","Iran","Clothes","Offline","H","9/19/2010","531227433","9/26/2010","857","109.28","35.84","93652.96","30714.88","62938.08"
"979","Europe","Belgium","Office Supplies","Offline","H","3/7/2016","218529927","4/13/2016","6717","651.21","524.96","4374177.57","3526156.32","848021.25"
"980","Europe","Armenia","Fruits","Online","H","6/11/2014","890268790","7/23/2014","9174","9.33","6.92","85593.42","63484.08","22109.34"
"981","Europe","Sweden","Vegetables","Online","L","2/10/2015","492777001","2/19/2015","2520","154.06","90.93","388231.2","229143.6","159087.6"
"982","Sub-Saharan Africa","Lesotho","Meat","Online","C","4/22/2010","485478389","5/14/2010","2698","421.89","364.69","1138259.22","983933.62","154325.6"
"983","Sub-Saharan Africa","Rwanda","Meat","Online","C","12/7/2015","148109281","1/2/2016","7682","421.89","364.69","3240958.98","2801548.58","439410.4"
"984","Sub-Saharan Africa","Liberia","Cosmetics","Online","L","11/17/2014","630718505","11/19/2014","2476","437.2","263.33","1082507.2","652005.08","430502.12"
"985","Central America and the Caribbean","Jamaica","Baby Food","Online","M","10/28/2013","903667390","12/16/2013","4117","255.28","159.42","1050987.76","656332.14","394655.62"
"986","Sub-Saharan Africa","Djibouti","Personal Care","Online","C","9/19/2016","907629764","9/19/2016","6671","81.73","56.67","545220.83","378045.57","167175.26"
"987","Europe","Kosovo","Vegetables","Offline","L","6/7/2013","203591954","6/12/2013","6238","154.06","90.93","961026.28","567221.34","393804.94"
"988","Europe","Albania","Clothes","Offline","L","11/3/2013","222852790","12/23/2013","5948","109.28","35.84","649997.44","213176.32","436821.12"
"989","Australia and Oceania","Marshall Islands","Baby Food","Offline","M","9/21/2013","217023599","10/25/2013","960","255.28","159.42","245068.8","153043.2","92025.6"
"990","Europe","Georgia","Meat","Online","L","9/22/2013","408028209","11/6/2013","3469","421.89","364.69","1463536.41","1265109.61","198426.8"
"991","Europe","Estonia","Cosmetics","Offline","H","7/21/2015","638102948","8/25/2015","7697","437.2","263.33","3365128.4","2026851.01","1338277.39"
"993","Sub-Saharan Africa","South Africa","Household","Offline","C","2/5/2014","485970628","2/27/2014","8363","668.27","502.54","5588742.01","4202742.02","1385999.99"
"996","Sub-Saharan Africa","Kenya","Snacks","Online","M","1/23/2012","874675071","3/2/2012","4646","152.58","97.44","708886.68","452706.24","256180.44"
"997","Sub-Saharan Africa","Mali","Cereal","Offline","C","3/28/2014","163633477","4/18/2014","1637","205.7","117.11","336730.9","191709.07","145021.83"
"998","Middle East and North Africa","Syria","Meat","Offline","L","7/21/2014","356066310","8/3/2014","6789","421.89","364.69","2864211.21","2475880.41","388330.8"
"1000","Central America and the Caribbean","Honduras","Clothes","Online","C","6/22/2017","640613067","8/6/2017","497","109.28","35.84","54312.16","17812.48","36499.68"
